amount,change,price,time,type,volume,xtim
1592650.0,-0.01,26.5,2016-11-18 15:00:03,norm,601.0,2016-11-18 15:00:03
0.0,--,26.51,2016-11-18 14:57:00,buy,0.0,2016-11-18 14:57:00
421509.0,--,26.51,2016-11-18 14:56:54,buy,159.0,2016-11-18 14:56:54
18557.0,0.01,26.51,2016-11-18 14:56:51,buy,7.0,2016-11-18 14:56:51
103350.0,--,26.5,2016-11-18 14:56:48,sell,39.0,2016-11-18 14:56:48
13250.0,--,26.5,2016-11-18 14:56:45,sell,5.0,2016-11-18 14:56:45
34450.0,-0.01,26.5,2016-11-18 14:56:42,sell,13.0,2016-11-18 14:56:42
2651.0,0.01,26.51,2016-11-18 14:56:39,buy,1.0,2016-11-18 14:56:39
7950.0,0.01,26.5,2016-11-18 14:56:36,buy,3.0,2016-11-18 14:56:36
31787.0,--,26.49,2016-11-18 14:56:33,sell,12.0,2016-11-18 14:56:33
105960.0,-0.01,26.49,2016-11-18 14:56:18,sell,40.0,2016-11-18 14:56:18
26500.0,--,26.5,2016-11-18 14:56:09,sell,10.0,2016-11-18 14:56:09
100700.0,0.01,26.5,2016-11-18 14:56:06,buy,38.0,2016-11-18 14:56:06
18543.0,-0.01,26.49,2016-11-18 14:56:00,sell,7.0,2016-11-18 14:56:00
37100.0,--,26.5,2016-11-18 14:55:51,buy,14.0,2016-11-18 14:55:51
55650.0,--,26.5,2016-11-18 14:55:48,buy,21.0,2016-11-18 14:55:48
5300.0,--,26.5,2016-11-18 14:55:42,buy,2.0,2016-11-18 14:55:42
53000.0,--,26.5,2016-11-18 14:55:39,buy,20.0,2016-11-18 14:55:39
7950.0,0.03,26.5,2016-11-18 14:55:33,buy,3.0,2016-11-18 14:55:33
52940.0,--,26.47,2016-11-18 14:55:30,sell,20.0,2016-11-18 14:55:30
63528.0,-0.03,26.47,2016-11-18 14:55:27,sell,24.0,2016-11-18 14:55:27
7950.0,--,26.5,2016-11-18 14:55:24,buy,3.0,2016-11-18 14:55:24
132500.0,--,26.5,2016-11-18 14:55:21,buy,50.0,2016-11-18 14:55:21
26500.0,--,26.5,2016-11-18 14:55:18,buy,10.0,2016-11-18 14:55:18
7950.0,--,26.5,2016-11-18 14:55:15,buy,3.0,2016-11-18 14:55:15
2650.0,--,26.5,2016-11-18 14:55:12,buy,1.0,2016-11-18 14:55:12
5300.0,--,26.5,2016-11-18 14:55:06,buy,2.0,2016-11-18 14:55:06
34450.0,--,26.5,2016-11-18 14:54:57,buy,13.0,2016-11-18 14:54:57
132500.0,--,26.5,2016-11-18 14:54:54,buy,50.0,2016-11-18 14:54:54
26500.0,--,26.5,2016-11-18 14:54:39,buy,10.0,2016-11-18 14:54:39
26500.0,--,26.5,2016-11-18 14:54:27,buy,10.0,2016-11-18 14:54:27
2650.0,-0.01,26.5,2016-11-18 14:54:18,norm,1.0,2016-11-18 14:54:18
42416.0,0.01,26.51,2016-11-18 14:54:00,buy,16.0,2016-11-18 14:54:00
95400.0,--,26.5,2016-11-18 14:53:57,sell,36.0,2016-11-18 14:53:57
10600.0,-0.01,26.5,2016-11-18 14:53:54,sell,4.0,2016-11-18 14:53:54
42416.0,--,26.51,2016-11-18 14:53:51,buy,16.0,2016-11-18 14:53:51
98087.0,-0.01,26.51,2016-11-18 14:53:48,sell,37.0,2016-11-18 14:53:48
23868.0,--,26.52,2016-11-18 14:53:45,buy,9.0,2016-11-18 14:53:45
47736.0,0.01,26.52,2016-11-18 14:53:39,buy,18.0,2016-11-18 14:53:39
7953.0,--,26.51,2016-11-18 14:53:36,buy,3.0,2016-11-18 14:53:36
132550.0,-0.01,26.51,2016-11-18 14:53:30,sell,50.0,2016-11-18 14:53:30
50388.0,0.01,26.52,2016-11-18 14:53:27,buy,19.0,2016-11-18 14:53:27
5302.0,-0.02,26.51,2016-11-18 14:53:24,sell,2.0,2016-11-18 14:53:24
188363.0,0.01,26.53,2016-11-18 14:53:18,buy,71.0,2016-11-18 14:53:18
310284.0,0.01,26.52,2016-11-18 14:53:12,buy,117.0,2016-11-18 14:53:12
37114.0,0.03,26.51,2016-11-18 14:53:09,buy,14.0,2016-11-18 14:53:09
10592.0,0.02,26.48,2016-11-18 14:53:00,buy,4.0,2016-11-18 14:53:00
26460.0,0.01,26.46,2016-11-18 14:52:51,sell,10.0,2016-11-18 14:52:51
68770.0,0.01,26.45,2016-11-18 14:52:48,buy,26.0,2016-11-18 14:52:48
74032.0,-0.01,26.44,2016-11-18 14:52:45,sell,28.0,2016-11-18 14:52:45
29095.0,0.01,26.45,2016-11-18 14:52:42,buy,11.0,2016-11-18 14:52:42
5288.0,--,26.44,2016-11-18 14:52:39,sell,2.0,2016-11-18 14:52:39
26440.0,--,26.44,2016-11-18 14:52:33,sell,10.0,2016-11-18 14:52:33
63456.0,--,26.44,2016-11-18 14:52:24,buy,24.0,2016-11-18 14:52:24
21152.0,--,26.44,2016-11-18 14:52:18,buy,8.0,2016-11-18 14:52:18
2644.0,0.01,26.44,2016-11-18 14:52:15,buy,1.0,2016-11-18 14:52:15
2068808.0,0.01,26.43,2016-11-18 14:52:12,buy,782.0,2016-11-18 14:52:12
50198.0,0.01,26.42,2016-11-18 14:52:09,buy,19.0,2016-11-18 14:52:09
26410.0,-0.01,26.41,2016-11-18 14:52:06,sell,10.0,2016-11-18 14:52:06
264200.0,0.01,26.42,2016-11-18 14:51:48,buy,100.0,2016-11-18 14:51:48
5282.0,--,26.41,2016-11-18 14:51:45,sell,2.0,2016-11-18 14:51:45
39615.0,-0.01,26.41,2016-11-18 14:51:39,sell,15.0,2016-11-18 14:51:39
2700124.0,--,26.42,2016-11-18 14:51:36,buy,1022.0,2016-11-18 14:51:36
18494.0,--,26.42,2016-11-18 14:51:33,buy,7.0,2016-11-18 14:51:33
39630.0,--,26.42,2016-11-18 14:51:30,buy,15.0,2016-11-18 14:51:30
81902.0,--,26.42,2016-11-18 14:51:27,buy,31.0,2016-11-18 14:51:27
66050.0,--,26.42,2016-11-18 14:51:24,buy,25.0,2016-11-18 14:51:24
145310.0,--,26.42,2016-11-18 14:51:21,buy,55.0,2016-11-18 14:51:21
105680.0,--,26.42,2016-11-18 14:51:18,buy,40.0,2016-11-18 14:51:18
36988.0,--,26.42,2016-11-18 14:51:15,buy,14.0,2016-11-18 14:51:15
55482.0,--,26.42,2016-11-18 14:51:12,buy,21.0,2016-11-18 14:51:12
58124.0,--,26.42,2016-11-18 14:51:06,buy,22.0,2016-11-18 14:51:06
79260.0,0.01,26.42,2016-11-18 14:51:03,buy,30.0,2016-11-18 14:51:03
456232.0,--,26.41,2016-11-18 14:50:57,buy,172.0,2016-11-18 14:50:57
179588.0,--,26.41,2016-11-18 14:50:54,buy,68.0,2016-11-18 14:50:54
26410.0,--,26.41,2016-11-18 14:50:51,buy,10.0,2016-11-18 14:50:51
42256.0,0.01,26.41,2016-11-18 14:50:48,buy,16.0,2016-11-18 14:50:48
126720.0,--,26.4,2016-11-18 14:50:45,sell,48.0,2016-11-18 14:50:45
139920.0,--,26.4,2016-11-18 14:50:39,sell,53.0,2016-11-18 14:50:39
26400.0,-0.01,26.4,2016-11-18 14:50:36,norm,10.0,2016-11-18 14:50:36
264100.0,0.02,26.41,2016-11-18 14:50:33,buy,100.0,2016-11-18 14:50:33
39585.0,-0.01,26.39,2016-11-18 14:50:30,sell,15.0,2016-11-18 14:50:30
76560.0,0.01,26.4,2016-11-18 14:50:27,buy,29.0,2016-11-18 14:50:27
89726.0,-0.01,26.39,2016-11-18 14:50:24,sell,34.0,2016-11-18 14:50:24
13200.0,0.01,26.4,2016-11-18 14:50:21,buy,5.0,2016-11-18 14:50:21
108199.0,--,26.39,2016-11-18 14:50:18,sell,41.0,2016-11-18 14:50:18
6254.0,--,26.39,2016-11-18 14:50:15,sell,2.0,2016-11-18 14:50:15
657111.0,-0.02,26.39,2016-11-18 14:50:12,sell,249.0,2016-11-18 14:50:12
475380.0,-0.01,26.41,2016-11-18 14:50:09,sell,180.0,2016-11-18 14:50:09
63408.0,--,26.42,2016-11-18 14:50:06,buy,24.0,2016-11-18 14:50:06
15852.0,--,26.42,2016-11-18 14:50:03,buy,6.0,2016-11-18 14:50:03
13210.0,--,26.42,2016-11-18 14:50:00,buy,5.0,2016-11-18 14:50:00
560341.0,-0.01,26.42,2016-11-18 14:49:57,sell,212.0,2016-11-18 14:49:57
13215.0,--,26.43,2016-11-18 14:49:54,sell,5.0,2016-11-18 14:49:54
356567.0,-0.01,26.43,2016-11-18 14:49:51,sell,134.0,2016-11-18 14:49:51
362228.0,--,26.44,2016-11-18 14:49:48,buy,137.0,2016-11-18 14:49:48
13220.0,--,26.44,2016-11-18 14:49:45,buy,5.0,2016-11-18 14:49:45
219452.0,0.01,26.44,2016-11-18 14:49:39,buy,83.0,2016-11-18 14:49:39
50217.0,-0.01,26.43,2016-11-18 14:49:36,sell,19.0,2016-11-18 14:49:36
79320.0,--,26.44,2016-11-18 14:49:33,buy,30.0,2016-11-18 14:49:33
13220.0,--,26.44,2016-11-18 14:49:30,buy,5.0,2016-11-18 14:49:30
222096.0,--,26.44,2016-11-18 14:49:27,buy,84.0,2016-11-18 14:49:27
42304.0,--,26.44,2016-11-18 14:49:24,buy,16.0,2016-11-18 14:49:24
185053.0,-0.03,26.44,2016-11-18 14:49:21,sell,69.0,2016-11-18 14:49:21
95318.0,0.02,26.47,2016-11-18 14:49:18,buy,36.0,2016-11-18 14:49:18
1713933.0,-0.02,26.45,2016-11-18 14:49:15,sell,647.0,2016-11-18 14:49:15
26470.0,-0.02,26.47,2016-11-18 14:49:12,sell,10.0,2016-11-18 14:49:12
116556.0,0.01,26.49,2016-11-18 14:49:09,buy,44.0,2016-11-18 14:49:09
13240.0,--,26.48,2016-11-18 14:49:06,buy,5.0,2016-11-18 14:49:06
29128.0,0.02,26.48,2016-11-18 14:49:03,norm,11.0,2016-11-18 14:49:03
132300.0,-0.01,26.46,2016-11-18 14:48:45,sell,50.0,2016-11-18 14:48:45
21176.0,0.01,26.47,2016-11-18 14:48:42,buy,8.0,2016-11-18 14:48:42
100548.0,-0.01,26.46,2016-11-18 14:48:36,sell,38.0,2016-11-18 14:48:36
29117.0,0.01,26.47,2016-11-18 14:48:33,buy,11.0,2016-11-18 14:48:33
50274.0,-0.01,26.46,2016-11-18 14:48:30,sell,19.0,2016-11-18 14:48:30
26470.0,--,26.47,2016-11-18 14:48:27,buy,10.0,2016-11-18 14:48:27
26470.0,--,26.47,2016-11-18 14:48:24,buy,10.0,2016-11-18 14:48:24
172055.0,--,26.47,2016-11-18 14:48:21,buy,65.0,2016-11-18 14:48:21
71469.0,--,26.47,2016-11-18 14:48:18,buy,27.0,2016-11-18 14:48:18
13235.0,--,26.47,2016-11-18 14:48:15,buy,5.0,2016-11-18 14:48:15
26470.0,--,26.47,2016-11-18 14:48:09,buy,10.0,2016-11-18 14:48:09
301758.0,-0.01,26.47,2016-11-18 14:48:06,sell,114.0,2016-11-18 14:48:06
23858.0,--,26.48,2016-11-18 14:48:03,buy,9.0,2016-11-18 14:48:03
10592.0,--,26.48,2016-11-18 14:48:00,buy,4.0,2016-11-18 14:48:00
87384.0,--,26.48,2016-11-18 14:47:57,buy,33.0,2016-11-18 14:47:57
13240.0,--,26.48,2016-11-18 14:47:54,buy,5.0,2016-11-18 14:47:54
377075.0,-0.02,26.48,2016-11-18 14:47:51,sell,142.0,2016-11-18 14:47:51
26500.0,--,26.5,2016-11-18 14:47:48,buy,10.0,2016-11-18 14:47:48
68900.0,0.02,26.5,2016-11-18 14:47:39,buy,26.0,2016-11-18 14:47:39
84206.0,-0.02,26.48,2016-11-18 14:47:36,sell,31.0,2016-11-18 14:47:36
265000.0,0.01,26.5,2016-11-18 14:47:33,buy,100.0,2016-11-18 14:47:33
81589.0,0.01,26.49,2016-11-18 14:47:27,buy,30.0,2016-11-18 14:47:27
7944.0,-0.01,26.48,2016-11-18 14:47:24,sell,3.0,2016-11-18 14:47:24
26490.0,--,26.49,2016-11-18 14:47:21,buy,10.0,2016-11-18 14:47:21
21192.0,--,26.49,2016-11-18 14:47:18,buy,8.0,2016-11-18 14:47:18
1729797.0,-0.05,26.49,2016-11-18 14:47:15,sell,653.0,2016-11-18 14:47:15
15924.0,0.04,26.54,2016-11-18 14:47:12,buy,6.0,2016-11-18 14:47:12
76850.0,-0.04,26.5,2016-11-18 14:47:06,sell,29.0,2016-11-18 14:47:06
18578.0,--,26.54,2016-11-18 14:46:51,sell,7.0,2016-11-18 14:46:51
7962.0,-0.01,26.54,2016-11-18 14:46:45,sell,3.0,2016-11-18 14:46:45
53100.0,0.05,26.55,2016-11-18 14:46:42,buy,20.0,2016-11-18 14:46:42
1968950.0,-0.05,26.5,2016-11-18 14:46:30,sell,743.0,2016-11-18 14:46:30
53100.0,--,26.55,2016-11-18 14:46:27,buy,20.0,2016-11-18 14:46:27
541620.0,-0.01,26.55,2016-11-18 14:46:24,sell,204.0,2016-11-18 14:46:24
18592.0,--,26.56,2016-11-18 14:46:15,buy,7.0,2016-11-18 14:46:15
5312.0,0.01,26.56,2016-11-18 14:46:12,buy,2.0,2016-11-18 14:46:12
132750.0,-0.01,26.55,2016-11-18 14:46:03,sell,50.0,2016-11-18 14:46:03
13280.0,0.01,26.56,2016-11-18 14:46:00,buy,5.0,2016-11-18 14:46:00
966632.0,-0.03,26.55,2016-11-18 14:45:54,sell,364.0,2016-11-18 14:45:54
2658.0,-0.01,26.58,2016-11-18 14:45:51,norm,1.0,2016-11-18 14:45:51
26590.0,0.02,26.59,2016-11-18 14:45:48,buy,10.0,2016-11-18 14:45:48
2657.0,--,26.57,2016-11-18 14:45:30,sell,1.0,2016-11-18 14:45:30
2657.0,-0.02,26.57,2016-11-18 14:45:27,sell,1.0,2016-11-18 14:45:27
13295.0,0.02,26.59,2016-11-18 14:45:24,buy,5.0,2016-11-18 14:45:24
47826.0,--,26.57,2016-11-18 14:45:18,sell,18.0,2016-11-18 14:45:18
797100.0,-0.01,26.57,2016-11-18 14:44:51,sell,300.0,2016-11-18 14:44:51
10632.0,-0.01,26.58,2016-11-18 14:44:48,sell,4.0,2016-11-18 14:44:48
2659.0,--,26.59,2016-11-18 14:44:45,buy,1.0,2016-11-18 14:44:45
7977.0,0.01,26.59,2016-11-18 14:44:42,buy,3.0,2016-11-18 14:44:42
146190.0,-0.01,26.58,2016-11-18 14:44:39,sell,55.0,2016-11-18 14:44:39
18613.0,--,26.59,2016-11-18 14:44:33,buy,7.0,2016-11-18 14:44:33
7977.0,0.01,26.59,2016-11-18 14:44:24,buy,3.0,2016-11-18 14:44:24
744.0,--,26.58,2016-11-18 14:43:30,buy,0.0,2016-11-18 14:43:30
13290.0,--,26.58,2016-11-18 14:43:27,buy,5.0,2016-11-18 14:43:27
305670.0,--,26.58,2016-11-18 14:43:24,buy,115.0,2016-11-18 14:43:24
31895.0,--,26.58,2016-11-18 14:43:18,buy,12.0,2016-11-18 14:43:18
265800.0,--,26.58,2016-11-18 14:43:06,buy,100.0,2016-11-18 14:43:06
21264.0,--,26.58,2016-11-18 14:43:03,buy,8.0,2016-11-18 14:43:03
10632.0,0.01,26.58,2016-11-18 14:42:57,buy,4.0,2016-11-18 14:42:57
47826.0,-0.01,26.57,2016-11-18 14:42:54,sell,18.0,2016-11-18 14:42:54
2658.0,--,26.58,2016-11-18 14:42:45,buy,1.0,2016-11-18 14:42:45
26580.0,0.01,26.58,2016-11-18 14:42:30,buy,10.0,2016-11-18 14:42:30
265700.0,-0.01,26.57,2016-11-18 14:42:15,sell,100.0,2016-11-18 14:42:15
124925.0,--,26.58,2016-11-18 14:41:57,buy,47.0,2016-11-18 14:41:57
2658.0,--,26.58,2016-11-18 14:41:54,buy,1.0,2016-11-18 14:41:54
10632.0,0.01,26.58,2016-11-18 14:41:51,buy,4.0,2016-11-18 14:41:51
7971.0,-0.01,26.57,2016-11-18 14:41:39,sell,3.0,2016-11-18 14:41:39
13290.0,0.01,26.58,2016-11-18 14:41:36,buy,5.0,2016-11-18 14:41:36
15942.0,--,26.57,2016-11-18 14:41:30,sell,6.0,2016-11-18 14:41:30
34541.0,0.01,26.57,2016-11-18 14:41:27,buy,13.0,2016-11-18 14:41:27
79680.0,-0.01,26.56,2016-11-18 14:41:21,sell,30.0,2016-11-18 14:41:21
13285.0,--,26.57,2016-11-18 14:41:18,buy,5.0,2016-11-18 14:41:18
26570.0,--,26.57,2016-11-18 14:41:15,buy,10.0,2016-11-18 14:41:15
29227.0,0.01,26.57,2016-11-18 14:41:12,buy,11.0,2016-11-18 14:41:12
53120.0,--,26.56,2016-11-18 14:41:09,sell,20.0,2016-11-18 14:41:09
166371.0,-0.01,26.56,2016-11-18 14:41:00,sell,62.0,2016-11-18 14:41:00
18599.0,--,26.57,2016-11-18 14:40:54,sell,7.0,2016-11-18 14:40:54
53140.0,-0.01,26.57,2016-11-18 14:40:48,sell,20.0,2016-11-18 14:40:48
21264.0,0.01,26.58,2016-11-18 14:40:42,buy,8.0,2016-11-18 14:40:42
53140.0,-0.01,26.57,2016-11-18 14:40:36,norm,20.0,2016-11-18 14:40:36
26580.0,0.01,26.58,2016-11-18 14:40:15,buy,10.0,2016-11-18 14:40:15
209903.0,-0.01,26.57,2016-11-18 14:40:12,sell,79.0,2016-11-18 14:40:12
5316.0,--,26.58,2016-11-18 14:40:09,buy,2.0,2016-11-18 14:40:09
7973.0,--,26.58,2016-11-18 14:40:03,buy,3.0,2016-11-18 14:40:03
2658.0,--,26.58,2016-11-18 14:40:00,buy,1.0,2016-11-18 14:40:00
725634.0,-0.01,26.58,2016-11-18 14:39:48,sell,273.0,2016-11-18 14:39:48
212720.0,--,26.59,2016-11-18 14:39:36,sell,80.0,2016-11-18 14:39:36
2659.0,-0.01,26.59,2016-11-18 14:39:30,sell,1.0,2016-11-18 14:39:30
266000.0,--,26.6,2016-11-18 14:39:09,buy,100.0,2016-11-18 14:39:09
13300.0,--,26.6,2016-11-18 14:39:03,buy,5.0,2016-11-18 14:39:03
133000.0,--,26.6,2016-11-18 14:39:00,buy,50.0,2016-11-18 14:39:00
26600.0,0.01,26.6,2016-11-18 14:38:57,buy,10.0,2016-11-18 14:38:57
26590.0,-0.01,26.59,2016-11-18 14:38:54,sell,10.0,2016-11-18 14:38:54
13300.0,--,26.6,2016-11-18 14:38:39,buy,5.0,2016-11-18 14:38:39
80757.0,-0.01,26.6,2016-11-18 14:38:36,sell,30.0,2016-11-18 14:38:36
53220.0,0.01,26.61,2016-11-18 14:38:21,buy,20.0,2016-11-18 14:38:21
53200.0,-0.01,26.6,2016-11-18 14:38:15,sell,20.0,2016-11-18 14:38:15
77169.0,--,26.61,2016-11-18 14:38:06,sell,29.0,2016-11-18 14:38:06
53220.0,--,26.61,2016-11-18 14:38:00,sell,20.0,2016-11-18 14:38:00
180948.0,0.01,26.61,2016-11-18 14:37:57,norm,68.0,2016-11-18 14:37:57
13300.0,--,26.6,2016-11-18 14:37:33,sell,5.0,2016-11-18 14:37:33
21280.0,--,26.6,2016-11-18 14:37:30,sell,8.0,2016-11-18 14:37:30
47880.0,--,26.6,2016-11-18 14:37:27,sell,18.0,2016-11-18 14:37:27
129382.0,--,26.6,2016-11-18 14:37:06,buy,48.0,2016-11-18 14:37:06
23940.0,--,26.6,2016-11-18 14:37:03,buy,9.0,2016-11-18 14:37:03
42560.0,--,26.6,2016-11-18 14:36:42,buy,16.0,2016-11-18 14:36:42
83417.0,--,26.6,2016-11-18 14:36:39,sell,31.0,2016-11-18 14:36:39
7980.0,--,26.6,2016-11-18 14:36:36,sell,3.0,2016-11-18 14:36:36
50540.0,-0.02,26.6,2016-11-18 14:36:33,sell,19.0,2016-11-18 14:36:33
2662.0,0.02,26.62,2016-11-18 14:36:18,buy,1.0,2016-11-18 14:36:18
7980.0,--,26.6,2016-11-18 14:36:15,sell,3.0,2016-11-18 14:36:15
18620.0,--,26.6,2016-11-18 14:36:09,sell,7.0,2016-11-18 14:36:09
2660.0,--,26.6,2016-11-18 14:36:06,sell,1.0,2016-11-18 14:36:06
13300.0,--,26.6,2016-11-18 14:35:54,sell,5.0,2016-11-18 14:35:54
26600.0,--,26.6,2016-11-18 14:35:48,sell,10.0,2016-11-18 14:35:48
31920.0,--,26.6,2016-11-18 14:35:27,sell,12.0,2016-11-18 14:35:27
7980.0,-0.02,26.6,2016-11-18 14:35:09,sell,3.0,2016-11-18 14:35:09
7986.0,0.02,26.62,2016-11-18 14:35:06,buy,3.0,2016-11-18 14:35:06
26600.0,--,26.6,2016-11-18 14:34:54,sell,10.0,2016-11-18 14:34:54
66500.0,--,26.6,2016-11-18 14:34:45,sell,25.0,2016-11-18 14:34:45
18620.0,--,26.6,2016-11-18 14:34:36,sell,7.0,2016-11-18 14:34:36
2660.0,--,26.6,2016-11-18 14:34:24,sell,1.0,2016-11-18 14:34:24
26600.0,--,26.6,2016-11-18 14:34:09,sell,10.0,2016-11-18 14:34:09
84162.0,0.01,26.6,2016-11-18 14:34:03,buy,31.0,2016-11-18 14:34:03
53180.0,--,26.59,2016-11-18 14:34:00,sell,20.0,2016-11-18 14:34:00
29249.0,-0.01,26.59,2016-11-18 14:33:54,sell,11.0,2016-11-18 14:33:54
5320.0,0.01,26.6,2016-11-18 14:33:51,buy,2.0,2016-11-18 14:33:51
26590.0,-0.01,26.59,2016-11-18 14:33:42,sell,10.0,2016-11-18 14:33:42
402617.0,-0.01,26.6,2016-11-18 14:33:36,sell,151.0,2016-11-18 14:33:36
268761.0,-0.02,26.61,2016-11-18 14:33:24,sell,101.0,2016-11-18 14:33:24
159780.0,--,26.63,2016-11-18 14:33:21,buy,60.0,2016-11-18 14:33:21
5326.0,0.01,26.63,2016-11-18 14:33:18,buy,2.0,2016-11-18 14:33:18
2662.0,--,26.62,2016-11-18 14:33:15,sell,1.0,2016-11-18 14:33:15
5324.0,-0.01,26.62,2016-11-18 14:33:12,sell,2.0,2016-11-18 14:33:12
3408640.0,--,26.63,2016-11-18 14:33:09,sell,1280.0,2016-11-18 14:33:09
2663.0,-0.01,26.63,2016-11-18 14:33:06,sell,1.0,2016-11-18 14:33:06
23976.0,--,26.64,2016-11-18 14:33:00,sell,9.0,2016-11-18 14:33:00
5328.0,-0.01,26.64,2016-11-18 14:32:51,sell,2.0,2016-11-18 14:32:51
23985.0,--,26.65,2016-11-18 14:32:42,buy,9.0,2016-11-18 14:32:42
440178.0,--,26.65,2016-11-18 14:32:33,sell,165.0,2016-11-18 14:32:33
26650.0,--,26.65,2016-11-18 14:32:21,sell,10.0,2016-11-18 14:32:21
2665.0,--,26.65,2016-11-18 14:32:09,sell,1.0,2016-11-18 14:32:09
2665.0,-0.01,26.65,2016-11-18 14:32:00,sell,1.0,2016-11-18 14:32:00
7998.0,--,26.66,2016-11-18 14:31:51,buy,3.0,2016-11-18 14:31:51
98642.0,0.01,26.66,2016-11-18 14:31:48,buy,37.0,2016-11-18 14:31:48
5330.0,--,26.65,2016-11-18 14:31:45,sell,2.0,2016-11-18 14:31:45
13325.0,-0.01,26.65,2016-11-18 14:31:00,sell,5.0,2016-11-18 14:31:00
63984.0,-0.02,26.66,2016-11-18 14:30:39,sell,24.0,2016-11-18 14:30:39
2668.0,--,26.68,2016-11-18 14:30:33,buy,1.0,2016-11-18 14:30:33
160080.0,0.02,26.68,2016-11-18 14:30:30,buy,60.0,2016-11-18 14:30:30
2666.0,--,26.66,2016-11-18 14:30:24,sell,1.0,2016-11-18 14:30:24
23994.0,0.01,26.66,2016-11-18 14:30:18,buy,9.0,2016-11-18 14:30:18
2665.0,-0.01,26.65,2016-11-18 14:30:12,sell,1.0,2016-11-18 14:30:12
53320.0,--,26.66,2016-11-18 14:30:03,buy,20.0,2016-11-18 14:30:03
10664.0,0.01,26.66,2016-11-18 14:29:57,buy,4.0,2016-11-18 14:29:57
13325.0,--,26.65,2016-11-18 14:29:45,sell,5.0,2016-11-18 14:29:45
13325.0,--,26.65,2016-11-18 14:29:42,sell,5.0,2016-11-18 14:29:42
2665.0,--,26.65,2016-11-18 14:29:36,sell,1.0,2016-11-18 14:29:36
239396.0,--,26.65,2016-11-18 14:28:39,buy,89.0,2016-11-18 14:28:39
2665.0,--,26.65,2016-11-18 14:28:33,buy,1.0,2016-11-18 14:28:33
2665.0,--,26.65,2016-11-18 14:28:24,buy,1.0,2016-11-18 14:28:24
263835.0,--,26.65,2016-11-18 14:28:21,buy,99.0,2016-11-18 14:28:21
47970.0,0.01,26.65,2016-11-18 14:28:18,buy,18.0,2016-11-18 14:28:18
7992.0,-0.01,26.64,2016-11-18 14:28:12,sell,3.0,2016-11-18 14:28:12
5330.0,--,26.65,2016-11-18 14:28:00,buy,2.0,2016-11-18 14:28:00
7995.0,--,26.65,2016-11-18 14:27:48,buy,3.0,2016-11-18 14:27:48
606580.0,--,26.65,2016-11-18 14:27:45,sell,227.0,2016-11-18 14:27:45
53300.0,-0.01,26.65,2016-11-18 14:27:42,sell,20.0,2016-11-18 14:27:42
2666.0,0.01,26.66,2016-11-18 14:27:36,buy,1.0,2016-11-18 14:27:36
10660.0,-0.01,26.65,2016-11-18 14:27:12,sell,4.0,2016-11-18 14:27:12
5332.0,-0.01,26.66,2016-11-18 14:26:57,norm,2.0,2016-11-18 14:26:57
2667.0,0.02,26.67,2016-11-18 14:26:30,buy,1.0,2016-11-18 14:26:30
1008409.0,--,26.65,2016-11-18 14:26:27,buy,378.0,2016-11-18 14:26:27
2665.0,--,26.65,2016-11-18 14:26:21,buy,1.0,2016-11-18 14:26:21
668915.0,--,26.65,2016-11-18 14:26:15,buy,251.0,2016-11-18 14:26:15
79950.0,--,26.65,2016-11-18 14:26:03,buy,30.0,2016-11-18 14:26:03
2665.0,--,26.65,2016-11-18 14:25:36,buy,1.0,2016-11-18 14:25:36
506909.0,--,26.65,2016-11-18 14:25:33,sell,190.0,2016-11-18 14:25:33
13325.0,-0.02,26.65,2016-11-18 14:25:21,sell,5.0,2016-11-18 14:25:21
53340.0,--,26.67,2016-11-18 14:25:00,buy,20.0,2016-11-18 14:25:00
2667.0,--,26.67,2016-11-18 14:24:30,buy,1.0,2016-11-18 14:24:30
2667.0,0.02,26.67,2016-11-18 14:24:21,buy,1.0,2016-11-18 14:24:21
13325.0,--,26.65,2016-11-18 14:24:18,sell,5.0,2016-11-18 14:24:18
31980.0,--,26.65,2016-11-18 14:24:15,sell,12.0,2016-11-18 14:24:15
774955.0,0.04,26.65,2016-11-18 14:23:45,buy,290.0,2016-11-18 14:23:45
85152.0,--,26.61,2016-11-18 14:23:39,sell,32.0,2016-11-18 14:23:39
2661.0,-0.04,26.61,2016-11-18 14:23:36,sell,1.0,2016-11-18 14:23:36
263835.0,0.03,26.65,2016-11-18 14:23:33,buy,99.0,2016-11-18 14:23:33
7986.0,--,26.62,2016-11-18 14:23:30,buy,3.0,2016-11-18 14:23:30
26620.0,--,26.62,2016-11-18 14:23:27,buy,10.0,2016-11-18 14:23:27
37268.0,--,26.62,2016-11-18 14:23:24,buy,14.0,2016-11-18 14:23:24
535062.0,0.01,26.62,2016-11-18 14:23:09,buy,201.0,2016-11-18 14:23:09
13305.0,-0.01,26.61,2016-11-18 14:22:45,sell,5.0,2016-11-18 14:22:45
7986.0,--,26.62,2016-11-18 14:22:39,buy,3.0,2016-11-18 14:22:39
26620.0,-0.02,26.62,2016-11-18 14:22:30,sell,10.0,2016-11-18 14:22:30
2664.0,0.02,26.64,2016-11-18 14:22:21,norm,1.0,2016-11-18 14:22:21
53240.0,--,26.62,2016-11-18 14:21:57,sell,20.0,2016-11-18 14:21:57
2662.0,-0.03,26.62,2016-11-18 14:21:54,sell,1.0,2016-11-18 14:21:54
602290.0,-0.01,26.65,2016-11-18 14:21:39,sell,226.0,2016-11-18 14:21:39
13330.0,--,26.66,2016-11-18 14:21:27,buy,5.0,2016-11-18 14:21:27
39990.0,--,26.66,2016-11-18 14:21:18,buy,15.0,2016-11-18 14:21:18
7998.0,0.01,26.66,2016-11-18 14:20:57,buy,3.0,2016-11-18 14:20:57
34645.0,-0.01,26.65,2016-11-18 14:20:54,sell,13.0,2016-11-18 14:20:54
2666.0,--,26.66,2016-11-18 14:20:27,buy,1.0,2016-11-18 14:20:27
2666.0,0.01,26.66,2016-11-18 14:20:18,buy,1.0,2016-11-18 14:20:18
2665.0,--,26.65,2016-11-18 14:20:15,sell,1.0,2016-11-18 14:20:15
178555.0,--,26.65,2016-11-18 14:19:33,sell,67.0,2016-11-18 14:19:33
117260.0,--,26.65,2016-11-18 14:19:30,buy,44.0,2016-11-18 14:19:30
7995.0,0.03,26.65,2016-11-18 14:19:27,buy,3.0,2016-11-18 14:19:27
10648.0,-0.02,26.62,2016-11-18 14:19:06,sell,4.0,2016-11-18 14:19:06
7992.0,--,26.64,2016-11-18 14:18:51,buy,3.0,2016-11-18 14:18:51
7992.0,-0.01,26.64,2016-11-18 14:18:39,norm,3.0,2016-11-18 14:18:39
2665.0,--,26.65,2016-11-18 14:18:27,buy,1.0,2016-11-18 14:18:27
42640.0,0.03,26.65,2016-11-18 14:18:15,buy,16.0,2016-11-18 14:18:15
18634.0,0.01,26.62,2016-11-18 14:18:00,norm,7.0,2016-11-18 14:18:00
167643.0,-0.01,26.61,2016-11-18 14:17:24,sell,63.0,2016-11-18 14:17:24
417934.0,-0.02,26.62,2016-11-18 14:17:21,sell,157.0,2016-11-18 14:17:21
656143.0,0.01,26.64,2016-11-18 14:17:18,buy,246.0,2016-11-18 14:17:18
26630.0,--,26.63,2016-11-18 14:16:51,buy,10.0,2016-11-18 14:16:51
29293.0,--,26.63,2016-11-18 14:16:39,buy,11.0,2016-11-18 14:16:39
71901.0,0.01,26.63,2016-11-18 14:16:24,buy,27.0,2016-11-18 14:16:24
77198.0,-0.01,26.62,2016-11-18 14:16:15,sell,29.0,2016-11-18 14:16:15
5326.0,0.02,26.63,2016-11-18 14:16:12,buy,2.0,2016-11-18 14:16:12
7983.0,--,26.61,2016-11-18 14:15:45,buy,3.0,2016-11-18 14:15:45
13305.0,--,26.61,2016-11-18 14:15:42,buy,5.0,2016-11-18 14:15:42
13305.0,--,26.61,2016-11-18 14:15:39,buy,5.0,2016-11-18 14:15:39
7983.0,--,26.61,2016-11-18 14:15:30,buy,3.0,2016-11-18 14:15:30
23949.0,-0.02,26.61,2016-11-18 14:15:27,sell,9.0,2016-11-18 14:15:27
2663.0,0.02,26.63,2016-11-18 14:15:24,buy,1.0,2016-11-18 14:15:24
71847.0,--,26.61,2016-11-18 14:15:15,buy,27.0,2016-11-18 14:15:15
26610.0,--,26.61,2016-11-18 14:15:09,buy,10.0,2016-11-18 14:15:09
7983.0,--,26.61,2016-11-18 14:15:06,buy,3.0,2016-11-18 14:15:06
26610.0,0.01,26.61,2016-11-18 14:15:00,buy,10.0,2016-11-18 14:15:00
10640.0,-0.01,26.6,2016-11-18 14:14:57,sell,4.0,2016-11-18 14:14:57
5322.0,--,26.61,2016-11-18 14:14:48,buy,2.0,2016-11-18 14:14:48
13305.0,0.01,26.61,2016-11-18 14:14:45,buy,5.0,2016-11-18 14:14:45
199500.0,-0.01,26.6,2016-11-18 14:14:33,sell,75.0,2016-11-18 14:14:33
2661.0,--,26.61,2016-11-18 14:14:24,buy,1.0,2016-11-18 14:14:24
2661.0,--,26.61,2016-11-18 14:14:21,buy,1.0,2016-11-18 14:14:21
15966.0,0.01,26.61,2016-11-18 14:14:12,buy,6.0,2016-11-18 14:14:12
58520.0,-0.02,26.6,2016-11-18 14:14:03,sell,22.0,2016-11-18 14:14:03
7986.0,--,26.62,2016-11-18 14:13:33,buy,3.0,2016-11-18 14:13:33
29282.0,0.02,26.62,2016-11-18 14:13:15,buy,11.0,2016-11-18 14:13:15
488482.0,0.01,26.6,2016-11-18 14:13:03,buy,183.0,2016-11-18 14:13:03
50521.0,-0.01,26.59,2016-11-18 14:12:57,sell,19.0,2016-11-18 14:12:57
199500.0,--,26.6,2016-11-18 14:12:48,buy,75.0,2016-11-18 14:12:48
42560.0,--,26.6,2016-11-18 14:12:42,buy,16.0,2016-11-18 14:12:42
7980.0,--,26.6,2016-11-18 14:12:39,buy,3.0,2016-11-18 14:12:39
26600.0,--,26.6,2016-11-18 14:12:30,buy,10.0,2016-11-18 14:12:30
26600.0,--,26.6,2016-11-18 14:12:27,buy,10.0,2016-11-18 14:12:27
5320.0,--,26.6,2016-11-18 14:12:24,buy,2.0,2016-11-18 14:12:24
800660.0,--,26.6,2016-11-18 14:12:21,buy,301.0,2016-11-18 14:12:21
2660.0,--,26.6,2016-11-18 14:12:15,buy,1.0,2016-11-18 14:12:15
2660.0,0.01,26.6,2016-11-18 14:12:12,buy,1.0,2016-11-18 14:12:12
21272.0,-0.01,26.59,2016-11-18 14:12:06,sell,8.0,2016-11-18 14:12:06
5320.0,0.01,26.6,2016-11-18 14:12:03,buy,2.0,2016-11-18 14:12:03
39885.0,--,26.59,2016-11-18 14:12:00,sell,15.0,2016-11-18 14:12:00
21272.0,-0.01,26.59,2016-11-18 14:11:51,sell,8.0,2016-11-18 14:11:51
26600.0,0.01,26.6,2016-11-18 14:11:45,buy,10.0,2016-11-18 14:11:45
26590.0,--,26.59,2016-11-18 14:11:36,sell,10.0,2016-11-18 14:11:36
42544.0,--,26.59,2016-11-18 14:11:30,sell,16.0,2016-11-18 14:11:30
10636.0,-0.01,26.59,2016-11-18 14:11:24,sell,4.0,2016-11-18 14:11:24
76953.0,--,26.6,2016-11-18 14:11:21,sell,28.0,2016-11-18 14:11:21
10640.0,--,26.6,2016-11-18 14:11:18,sell,4.0,2016-11-18 14:11:18
10640.0,--,26.6,2016-11-18 14:11:12,sell,4.0,2016-11-18 14:11:12
50540.0,--,26.6,2016-11-18 14:11:03,sell,19.0,2016-11-18 14:11:03
7980.0,--,26.6,2016-11-18 14:10:57,sell,3.0,2016-11-18 14:10:57
585200.0,--,26.6,2016-11-18 14:10:51,sell,220.0,2016-11-18 14:10:51
925866.0,-0.04,26.6,2016-11-18 14:10:45,sell,348.0,2016-11-18 14:10:45
7992.0,0.03,26.64,2016-11-18 14:10:42,buy,3.0,2016-11-18 14:10:42
926214.0,-0.02,26.61,2016-11-18 14:10:39,sell,348.0,2016-11-18 14:10:39
266300.0,-0.02,26.63,2016-11-18 14:10:30,sell,100.0,2016-11-18 14:10:30
2665.0,--,26.65,2016-11-18 14:10:21,buy,1.0,2016-11-18 14:10:21
2665.0,0.01,26.65,2016-11-18 14:10:12,buy,1.0,2016-11-18 14:10:12
13320.0,--,26.64,2016-11-18 14:10:09,sell,5.0,2016-11-18 14:10:09
79920.0,-0.02,26.64,2016-11-18 14:10:06,sell,30.0,2016-11-18 14:10:06
2666.0,0.02,26.66,2016-11-18 14:09:48,buy,1.0,2016-11-18 14:09:48
79920.0,-0.02,26.64,2016-11-18 14:09:39,sell,30.0,2016-11-18 14:09:39
7998.0,--,26.66,2016-11-18 14:08:39,buy,3.0,2016-11-18 14:08:39
26660.0,-0.01,26.66,2016-11-18 14:08:36,norm,10.0,2016-11-18 14:08:36
2667.0,--,26.67,2016-11-18 14:08:18,buy,1.0,2016-11-18 14:08:18
2667.0,0.03,26.67,2016-11-18 14:08:09,buy,1.0,2016-11-18 14:08:09
13533.0,--,26.64,2016-11-18 14:07:57,sell,5.0,2016-11-18 14:07:57
13106.0,--,26.64,2016-11-18 14:07:54,buy,4.0,2016-11-18 14:07:54
5328.0,--,26.64,2016-11-18 14:07:51,buy,2.0,2016-11-18 14:07:51
10869.0,--,26.64,2016-11-18 14:07:45,sell,4.0,2016-11-18 14:07:45
26640.0,--,26.64,2016-11-18 14:07:33,sell,10.0,2016-11-18 14:07:33
79920.0,--,26.64,2016-11-18 14:07:24,sell,30.0,2016-11-18 14:07:24
13320.0,--,26.64,2016-11-18 14:07:18,sell,5.0,2016-11-18 14:07:18
53280.0,--,26.64,2016-11-18 14:07:15,sell,20.0,2016-11-18 14:07:15
79920.0,--,26.64,2016-11-18 14:07:00,sell,30.0,2016-11-18 14:07:00
511488.0,-0.04,26.64,2016-11-18 14:06:39,sell,192.0,2016-11-18 14:06:39
2668.0,--,26.68,2016-11-18 14:06:33,buy,1.0,2016-11-18 14:06:33
2668.0,--,26.68,2016-11-18 14:06:18,buy,1.0,2016-11-18 14:06:18
2668.0,--,26.68,2016-11-18 14:06:09,buy,1.0,2016-11-18 14:06:09
8004.0,0.02,26.68,2016-11-18 14:04:57,buy,3.0,2016-11-18 14:04:57
5332.0,--,26.66,2016-11-18 14:04:33,sell,2.0,2016-11-18 14:04:33
26660.0,-0.02,26.66,2016-11-18 14:04:27,sell,10.0,2016-11-18 14:04:27
5336.0,--,26.68,2016-11-18 14:04:21,buy,2.0,2016-11-18 14:04:21
2668.0,--,26.68,2016-11-18 14:04:18,buy,1.0,2016-11-18 14:04:18
2668.0,0.02,26.68,2016-11-18 14:04:06,buy,1.0,2016-11-18 14:04:06
26660.0,--,26.66,2016-11-18 14:03:30,sell,10.0,2016-11-18 14:03:30
106640.0,--,26.66,2016-11-18 14:03:03,sell,40.0,2016-11-18 14:03:03
26660.0,-0.02,26.66,2016-11-18 14:02:39,sell,10.0,2016-11-18 14:02:39
13340.0,0.02,26.68,2016-11-18 14:02:15,buy,5.0,2016-11-18 14:02:15
266600.0,-0.02,26.66,2016-11-18 14:02:12,sell,100.0,2016-11-18 14:02:12
2668.0,--,26.68,2016-11-18 14:02:06,buy,1.0,2016-11-18 14:02:06
26680.0,0.01,26.68,2016-11-18 14:01:36,buy,10.0,2016-11-18 14:01:36
2667.0,-0.01,26.67,2016-11-18 14:01:03,sell,1.0,2016-11-18 14:01:03
16008.0,-0.01,26.68,2016-11-18 14:00:42,sell,6.0,2016-11-18 14:00:42
14893.0,-0.01,26.69,2016-11-18 14:00:21,sell,5.0,2016-11-18 14:00:21
2670.0,--,26.7,2016-11-18 14:00:15,buy,1.0,2016-11-18 14:00:15
2670.0,--,26.7,2016-11-18 14:00:03,buy,1.0,2016-11-18 14:00:03
258990.0,0.01,26.7,2016-11-18 13:59:48,buy,97.0,2016-11-18 13:59:48
800700.0,--,26.69,2016-11-18 13:59:36,sell,300.0,2016-11-18 13:59:36
2669.0,-0.01,26.69,2016-11-18 13:59:27,sell,1.0,2016-11-18 13:59:27
24030.0,--,26.7,2016-11-18 13:59:09,buy,9.0,2016-11-18 13:59:09
80100.0,--,26.7,2016-11-18 13:59:03,buy,30.0,2016-11-18 13:59:03
104130.0,--,26.7,2016-11-18 13:58:45,buy,39.0,2016-11-18 13:58:45
8010.0,--,26.7,2016-11-18 13:58:33,buy,3.0,2016-11-18 13:58:33
8010.0,--,26.7,2016-11-18 13:58:30,buy,3.0,2016-11-18 13:58:30
8010.0,0.01,26.7,2016-11-18 13:58:27,buy,3.0,2016-11-18 13:58:27
516237.0,--,26.69,2016-11-18 13:58:24,buy,193.0,2016-11-18 13:58:24
2669.0,--,26.69,2016-11-18 13:58:15,buy,1.0,2016-11-18 13:58:15
24021.0,--,26.69,2016-11-18 13:58:06,buy,9.0,2016-11-18 13:58:06
2669.0,--,26.69,2016-11-18 13:58:03,buy,1.0,2016-11-18 13:58:03
467075.0,--,26.69,2016-11-18 13:57:36,buy,175.0,2016-11-18 13:57:36
5338.0,--,26.69,2016-11-18 13:56:51,buy,2.0,2016-11-18 13:56:51
13345.0,--,26.69,2016-11-18 13:56:33,buy,5.0,2016-11-18 13:56:33
2669.0,--,26.69,2016-11-18 13:56:12,buy,1.0,2016-11-18 13:56:12
2669.0,0.02,26.69,2016-11-18 13:56:00,buy,1.0,2016-11-18 13:56:00
74676.0,--,26.67,2016-11-18 13:55:48,sell,28.0,2016-11-18 13:55:48
37338.0,-0.02,26.67,2016-11-18 13:54:33,sell,14.0,2016-11-18 13:54:33
37366.0,0.02,26.69,2016-11-18 13:54:21,buy,14.0,2016-11-18 13:54:21
16002.0,-0.02,26.67,2016-11-18 13:54:18,sell,6.0,2016-11-18 13:54:18
13345.0,--,26.69,2016-11-18 13:54:15,buy,5.0,2016-11-18 13:54:15
8007.0,--,26.69,2016-11-18 13:54:09,buy,3.0,2016-11-18 13:54:09
2669.0,0.02,26.69,2016-11-18 13:54:00,buy,1.0,2016-11-18 13:54:00
18669.0,-0.01,26.67,2016-11-18 13:53:18,sell,7.0,2016-11-18 13:53:18
24012.0,--,26.68,2016-11-18 13:53:00,sell,9.0,2016-11-18 13:53:00
26680.0,-0.01,26.68,2016-11-18 13:52:42,sell,10.0,2016-11-18 13:52:42
2669.0,--,26.69,2016-11-18 13:52:09,buy,1.0,2016-11-18 13:52:09
2669.0,0.02,26.69,2016-11-18 13:52:00,buy,1.0,2016-11-18 13:52:00
18669.0,-0.01,26.67,2016-11-18 13:51:39,sell,7.0,2016-11-18 13:51:39
5336.0,--,26.68,2016-11-18 13:51:21,buy,2.0,2016-11-18 13:51:21
13340.0,0.01,26.68,2016-11-18 13:51:18,buy,5.0,2016-11-18 13:51:18
2667.0,-0.01,26.67,2016-11-18 13:51:12,sell,1.0,2016-11-18 13:51:12
26680.0,0.01,26.68,2016-11-18 13:51:09,buy,10.0,2016-11-18 13:51:09
5334.0,-0.01,26.67,2016-11-18 13:50:18,sell,2.0,2016-11-18 13:50:18
2668.0,--,26.68,2016-11-18 13:50:12,buy,1.0,2016-11-18 13:50:12
2668.0,--,26.68,2016-11-18 13:50:09,buy,1.0,2016-11-18 13:50:09
2668.0,0.01,26.68,2016-11-18 13:49:57,buy,1.0,2016-11-18 13:49:57
5334.0,--,26.67,2016-11-18 13:49:45,sell,2.0,2016-11-18 13:49:45
16002.0,--,26.67,2016-11-18 13:48:36,sell,6.0,2016-11-18 13:48:36
53340.0,--,26.67,2016-11-18 13:48:21,sell,20.0,2016-11-18 13:48:21
5334.0,-0.01,26.67,2016-11-18 13:48:12,sell,2.0,2016-11-18 13:48:12
2668.0,0.01,26.68,2016-11-18 13:48:06,buy,1.0,2016-11-18 13:48:06
8001.0,--,26.67,2016-11-18 13:47:54,sell,3.0,2016-11-18 13:47:54
50673.0,--,26.67,2016-11-18 13:47:42,sell,19.0,2016-11-18 13:47:42
53340.0,--,26.67,2016-11-18 13:47:39,sell,20.0,2016-11-18 13:47:39
5334.0,-0.01,26.67,2016-11-18 13:47:24,sell,2.0,2016-11-18 13:47:24
42688.0,--,26.68,2016-11-18 13:47:21,buy,16.0,2016-11-18 13:47:21
5336.0,0.01,26.68,2016-11-18 13:46:57,norm,2.0,2016-11-18 13:46:57
13335.0,--,26.67,2016-11-18 13:46:42,sell,5.0,2016-11-18 13:46:42
53340.0,-0.01,26.67,2016-11-18 13:46:39,sell,20.0,2016-11-18 13:46:39
21344.0,--,26.68,2016-11-18 13:46:24,sell,8.0,2016-11-18 13:46:24
5336.0,--,26.68,2016-11-18 13:46:21,sell,2.0,2016-11-18 13:46:21
2668.0,0.01,26.68,2016-11-18 13:46:15,buy,1.0,2016-11-18 13:46:15
34671.0,-0.01,26.67,2016-11-18 13:46:12,sell,13.0,2016-11-18 13:46:12
10672.0,-0.01,26.68,2016-11-18 13:46:06,sell,4.0,2016-11-18 13:46:06
2669.0,0.01,26.69,2016-11-18 13:45:54,buy,1.0,2016-11-18 13:45:54
13340.0,--,26.68,2016-11-18 13:45:18,buy,5.0,2016-11-18 13:45:18
26680.0,--,26.68,2016-11-18 13:45:06,sell,10.0,2016-11-18 13:45:06
133400.0,--,26.68,2016-11-18 13:44:48,sell,50.0,2016-11-18 13:44:48
64032.0,--,26.68,2016-11-18 13:44:36,sell,24.0,2016-11-18 13:44:36
26680.0,0.01,26.68,2016-11-18 13:44:33,buy,10.0,2016-11-18 13:44:33
5334.0,-0.01,26.67,2016-11-18 13:44:09,sell,2.0,2016-11-18 13:44:09
2668.0,0.01,26.68,2016-11-18 13:43:51,buy,1.0,2016-11-18 13:43:51
5334.0,-0.01,26.67,2016-11-18 13:43:45,sell,2.0,2016-11-18 13:43:45
8004.0,0.01,26.68,2016-11-18 13:43:15,buy,3.0,2016-11-18 13:43:15
53340.0,--,26.67,2016-11-18 13:42:48,sell,20.0,2016-11-18 13:42:48
5334.0,-0.01,26.67,2016-11-18 13:42:24,sell,2.0,2016-11-18 13:42:24
13340.0,--,26.68,2016-11-18 13:42:21,sell,5.0,2016-11-18 13:42:21
82708.0,-0.01,26.68,2016-11-18 13:42:09,sell,31.0,2016-11-18 13:42:09
2669.0,0.01,26.69,2016-11-18 13:41:51,buy,1.0,2016-11-18 13:41:51
26680.0,--,26.68,2016-11-18 13:41:33,sell,10.0,2016-11-18 13:41:33
2668.0,--,26.68,2016-11-18 13:41:15,sell,1.0,2016-11-18 13:41:15
76464.0,0.01,26.68,2016-11-18 13:41:03,buy,28.0,2016-11-18 13:41:03
10668.0,-0.01,26.67,2016-11-18 13:41:00,sell,4.0,2016-11-18 13:41:00
8004.0,--,26.68,2016-11-18 13:40:27,buy,3.0,2016-11-18 13:40:27
24012.0,--,26.68,2016-11-18 13:40:15,buy,9.0,2016-11-18 13:40:15
62271.0,-0.01,26.68,2016-11-18 13:40:06,sell,23.0,2016-11-18 13:40:06
2669.0,--,26.69,2016-11-18 13:39:51,buy,1.0,2016-11-18 13:39:51
66725.0,0.01,26.69,2016-11-18 13:39:45,buy,25.0,2016-11-18 13:39:45
98716.0,--,26.68,2016-11-18 13:39:36,sell,37.0,2016-11-18 13:39:36
5336.0,-0.01,26.68,2016-11-18 13:39:21,sell,2.0,2016-11-18 13:39:21
2669.0,--,26.69,2016-11-18 13:39:18,buy,1.0,2016-11-18 13:39:18
36458.0,0.01,26.69,2016-11-18 13:37:48,buy,13.0,2016-11-18 13:37:48
26680.0,--,26.68,2016-11-18 13:37:39,buy,10.0,2016-11-18 13:37:39
2668.0,--,26.68,2016-11-18 13:36:57,buy,1.0,2016-11-18 13:36:57
133400.0,0.01,26.68,2016-11-18 13:36:18,buy,50.0,2016-11-18 13:36:18
133.0,--,26.67,2016-11-18 13:36:09,sell,0.0,2016-11-18 13:36:09
136710.0,0.01,26.67,2016-11-18 13:36:03,buy,51.0,2016-11-18 13:36:03
7998.0,-0.01,26.66,2016-11-18 13:36:00,sell,3.0,2016-11-18 13:36:00
2667.0,0.01,26.67,2016-11-18 13:35:48,buy,1.0,2016-11-18 13:35:48
23994.0,-0.01,26.66,2016-11-18 13:35:21,sell,9.0,2016-11-18 13:35:21
71742.0,0.01,26.67,2016-11-18 13:35:18,buy,26.0,2016-11-18 13:35:18
399.0,--,26.66,2016-11-18 13:35:12,sell,0.0,2016-11-18 13:35:12
39990.0,--,26.66,2016-11-18 13:35:06,sell,15.0,2016-11-18 13:35:06
26660.0,--,26.66,2016-11-18 13:35:00,sell,10.0,2016-11-18 13:35:00
29326.0,-0.01,26.66,2016-11-18 13:34:48,sell,11.0,2016-11-18 13:34:48
424053.0,0.01,26.67,2016-11-18 13:34:42,buy,159.0,2016-11-18 13:34:42
2666.0,-0.01,26.66,2016-11-18 13:34:30,sell,1.0,2016-11-18 13:34:30
2667.0,0.01,26.67,2016-11-18 13:34:21,buy,1.0,2016-11-18 13:34:21
399.0,-0.01,26.66,2016-11-18 13:34:12,sell,0.0,2016-11-18 13:34:12
2667.0,0.01,26.67,2016-11-18 13:33:45,buy,1.0,2016-11-18 13:33:45
8397.0,0.01,26.66,2016-11-18 13:33:15,norm,3.0,2016-11-18 13:33:15
5330.0,--,26.65,2016-11-18 13:32:51,sell,2.0,2016-11-18 13:32:51
53300.0,--,26.65,2016-11-18 13:32:09,sell,20.0,2016-11-18 13:32:09
5330.0,-0.02,26.65,2016-11-18 13:32:06,sell,2.0,2016-11-18 13:32:06
29337.0,--,26.67,2016-11-18 13:31:54,buy,11.0,2016-11-18 13:31:54
2667.0,--,26.67,2016-11-18 13:31:42,buy,1.0,2016-11-18 13:31:42
2667.0,0.02,26.67,2016-11-18 13:31:39,buy,1.0,2016-11-18 13:31:39
13325.0,--,26.65,2016-11-18 13:31:30,sell,5.0,2016-11-18 13:31:30
10660.0,0.01,26.65,2016-11-18 13:31:15,buy,4.0,2016-11-18 13:31:15
5328.0,-0.01,26.64,2016-11-18 13:30:45,sell,2.0,2016-11-18 13:30:45
7995.0,0.01,26.65,2016-11-18 13:30:42,buy,3.0,2016-11-18 13:30:42
26640.0,-0.01,26.64,2016-11-18 13:30:30,sell,10.0,2016-11-18 13:30:30
13325.0,--,26.65,2016-11-18 13:30:15,buy,5.0,2016-11-18 13:30:15
53300.0,0.01,26.65,2016-11-18 13:30:09,buy,20.0,2016-11-18 13:30:09
105494.0,-0.01,26.64,2016-11-18 13:30:06,sell,39.0,2016-11-18 13:30:06
26650.0,--,26.65,2016-11-18 13:29:45,buy,10.0,2016-11-18 13:29:45
2665.0,--,26.65,2016-11-18 13:29:42,buy,1.0,2016-11-18 13:29:42
38376.0,--,26.65,2016-11-18 13:29:18,sell,14.0,2016-11-18 13:29:18
28249.0,0.01,26.65,2016-11-18 13:28:54,buy,10.0,2016-11-18 13:28:54
5328.0,--,26.64,2016-11-18 13:28:51,buy,2.0,2016-11-18 13:28:51
13320.0,--,26.64,2016-11-18 13:28:42,sell,5.0,2016-11-18 13:28:42
39960.0,--,26.64,2016-11-18 13:28:30,sell,15.0,2016-11-18 13:28:30
186480.0,--,26.64,2016-11-18 13:28:27,buy,70.0,2016-11-18 13:28:27
5328.0,--,26.64,2016-11-18 13:27:57,buy,2.0,2016-11-18 13:27:57
13320.0,--,26.64,2016-11-18 13:27:54,buy,5.0,2016-11-18 13:27:54
146520.0,-0.01,26.64,2016-11-18 13:27:51,sell,55.0,2016-11-18 13:27:51
13325.0,--,26.65,2016-11-18 13:27:48,buy,5.0,2016-11-18 13:27:48
7995.0,-0.02,26.65,2016-11-18 13:27:33,sell,3.0,2016-11-18 13:27:33
53340.0,--,26.67,2016-11-18 13:27:06,buy,20.0,2016-11-18 13:27:06
2667.0,0.05,26.67,2016-11-18 13:27:03,buy,1.0,2016-11-18 13:27:03
433906.0,-0.05,26.62,2016-11-18 13:26:54,sell,163.0,2016-11-18 13:26:54
2667.0,0.01,26.67,2016-11-18 13:26:39,buy,1.0,2016-11-18 13:26:39
31992.0,--,26.66,2016-11-18 13:26:36,sell,12.0,2016-11-18 13:26:36
266600.0,-0.01,26.66,2016-11-18 13:26:30,sell,100.0,2016-11-18 13:26:30
5334.0,--,26.67,2016-11-18 13:26:27,buy,2.0,2016-11-18 13:26:27
13335.0,--,26.67,2016-11-18 13:26:18,buy,5.0,2016-11-18 13:26:18
5334.0,--,26.67,2016-11-18 13:26:12,buy,2.0,2016-11-18 13:26:12
32004.0,-0.01,26.67,2016-11-18 13:26:06,sell,12.0,2016-11-18 13:26:06
266800.0,--,26.68,2016-11-18 13:26:00,buy,100.0,2016-11-18 13:26:00
2668.0,0.02,26.68,2016-11-18 13:25:51,buy,1.0,2016-11-18 13:25:51
130634.0,--,26.66,2016-11-18 13:25:48,sell,49.0,2016-11-18 13:25:48
1074211.0,0.01,26.66,2016-11-18 13:25:33,buy,402.0,2016-11-18 13:25:33
82615.0,-0.01,26.65,2016-11-18 13:25:30,sell,31.0,2016-11-18 13:25:30
101308.0,--,26.66,2016-11-18 13:25:27,buy,38.0,2016-11-18 13:25:27
5332.0,--,26.66,2016-11-18 13:25:21,buy,2.0,2016-11-18 13:25:21
2666.0,0.01,26.66,2016-11-18 13:25:18,buy,1.0,2016-11-18 13:25:18
2665.0,-0.01,26.65,2016-11-18 13:25:15,sell,1.0,2016-11-18 13:25:15
2666.0,--,26.66,2016-11-18 13:24:36,buy,1.0,2016-11-18 13:24:36
133300.0,--,26.66,2016-11-18 13:24:33,buy,50.0,2016-11-18 13:24:33
7998.0,--,26.66,2016-11-18 13:24:30,buy,3.0,2016-11-18 13:24:30
2666.0,0.01,26.66,2016-11-18 13:24:21,buy,1.0,2016-11-18 13:24:21
18655.0,-0.01,26.65,2016-11-18 13:24:15,sell,7.0,2016-11-18 13:24:15
18662.0,--,26.66,2016-11-18 13:24:03,buy,7.0,2016-11-18 13:24:03
125488.0,--,26.66,2016-11-18 13:23:57,sell,47.0,2016-11-18 13:23:57
133300.0,-0.02,26.66,2016-11-18 13:23:54,sell,50.0,2016-11-18 13:23:54
26680.0,0.02,26.68,2016-11-18 13:23:51,buy,10.0,2016-11-18 13:23:51
266600.0,--,26.66,2016-11-18 13:23:42,sell,100.0,2016-11-18 13:23:42
266600.0,-0.02,26.66,2016-11-18 13:23:24,sell,100.0,2016-11-18 13:23:24
53360.0,0.02,26.68,2016-11-18 13:23:21,buy,20.0,2016-11-18 13:23:21
21328.0,-0.01,26.66,2016-11-18 13:23:18,sell,8.0,2016-11-18 13:23:18
16002.0,0.01,26.67,2016-11-18 13:23:09,sell,6.0,2016-11-18 13:23:09
533200.0,-0.03,26.66,2016-11-18 13:23:06,sell,200.0,2016-11-18 13:23:06
5338.0,--,26.69,2016-11-18 13:23:00,buy,2.0,2016-11-18 13:23:00
10676.0,0.03,26.69,2016-11-18 13:22:48,buy,4.0,2016-11-18 13:22:48
26660.0,--,26.66,2016-11-18 13:22:42,sell,10.0,2016-11-18 13:22:42
3543913.0,-0.03,26.66,2016-11-18 13:22:24,sell,1329.0,2016-11-18 13:22:24
213520.0,-0.01,26.69,2016-11-18 13:22:09,sell,80.0,2016-11-18 13:22:09
694867.0,-0.01,26.7,2016-11-18 13:21:39,sell,260.0,2016-11-18 13:21:39
26710.0,0.01,26.71,2016-11-18 13:21:18,buy,10.0,2016-11-18 13:21:18
24030.0,-0.01,26.7,2016-11-18 13:21:15,sell,9.0,2016-11-18 13:21:15
53420.0,--,26.71,2016-11-18 13:20:51,buy,20.0,2016-11-18 13:20:51
5342.0,--,26.71,2016-11-18 13:20:24,buy,2.0,2016-11-18 13:20:24
66775.0,--,26.71,2016-11-18 13:20:12,sell,25.0,2016-11-18 13:20:12
5342.0,-0.01,26.71,2016-11-18 13:20:00,sell,2.0,2016-11-18 13:20:00
21376.0,--,26.72,2016-11-18 13:19:12,buy,8.0,2016-11-18 13:19:12
16032.0,0.01,26.72,2016-11-18 13:18:54,buy,6.0,2016-11-18 13:18:54
26710.0,--,26.71,2016-11-18 13:18:36,sell,10.0,2016-11-18 13:18:36
53420.0,--,26.71,2016-11-18 13:18:27,sell,20.0,2016-11-18 13:18:27
53420.0,--,26.71,2016-11-18 13:18:24,sell,20.0,2016-11-18 13:18:24
117524.0,--,26.71,2016-11-18 13:18:03,buy,44.0,2016-11-18 13:18:03
2671.0,--,26.71,2016-11-18 13:17:09,sell,1.0,2016-11-18 13:17:09
80130.0,--,26.71,2016-11-18 13:17:03,sell,30.0,2016-11-18 13:17:03
5342.0,--,26.71,2016-11-18 13:16:48,sell,2.0,2016-11-18 13:16:48
72117.0,0.01,26.71,2016-11-18 13:16:12,buy,27.0,2016-11-18 13:16:12
90780.0,--,26.7,2016-11-18 13:16:06,sell,34.0,2016-11-18 13:16:06
133500.0,-0.01,26.7,2016-11-18 13:15:06,sell,50.0,2016-11-18 13:15:06
2671.0,--,26.71,2016-11-18 13:14:24,buy,1.0,2016-11-18 13:14:24
32052.0,-0.01,26.71,2016-11-18 13:14:09,sell,12.0,2016-11-18 13:14:09
2672.0,--,26.72,2016-11-18 13:14:00,buy,1.0,2016-11-18 13:14:00
26720.0,--,26.72,2016-11-18 13:13:24,buy,10.0,2016-11-18 13:13:24
376324.0,--,26.72,2016-11-18 13:13:12,sell,140.0,2016-11-18 13:13:12
5344.0,-0.01,26.72,2016-11-18 13:12:54,sell,2.0,2016-11-18 13:12:54
42768.0,--,26.73,2016-11-18 13:12:30,sell,16.0,2016-11-18 13:12:30
37422.0,0.01,26.73,2016-11-18 13:11:54,buy,14.0,2016-11-18 13:11:54
5344.0,-0.01,26.72,2016-11-18 13:11:36,sell,2.0,2016-11-18 13:11:36
10692.0,--,26.73,2016-11-18 13:10:30,buy,4.0,2016-11-18 13:10:30
5346.0,--,26.73,2016-11-18 13:10:24,sell,2.0,2016-11-18 13:10:24
21384.0,-0.01,26.73,2016-11-18 13:10:15,sell,8.0,2016-11-18 13:10:15
2674.0,0.02,26.74,2016-11-18 13:10:03,buy,1.0,2016-11-18 13:10:03
13360.0,-0.02,26.72,2016-11-18 13:09:15,sell,5.0,2016-11-18 13:09:15
13370.0,--,26.74,2016-11-18 13:08:21,buy,5.0,2016-11-18 13:08:21
1069.0,-0.01,26.74,2016-11-18 13:08:12,sell,0.0,2016-11-18 13:08:12
10700.0,--,26.75,2016-11-18 13:07:45,buy,4.0,2016-11-18 13:07:45
10700.0,--,26.75,2016-11-18 13:07:33,buy,4.0,2016-11-18 13:07:33
2675.0,0.01,26.75,2016-11-18 13:07:30,buy,1.0,2016-11-18 13:07:30
10696.0,--,26.74,2016-11-18 13:05:48,sell,4.0,2016-11-18 13:05:48
14974.0,0.02,26.74,2016-11-18 13:05:30,buy,5.0,2016-11-18 13:05:30
53440.0,-0.01,26.72,2016-11-18 13:05:15,sell,20.0,2016-11-18 13:05:15
427.0,0.01,26.73,2016-11-18 13:05:06,buy,0.0,2016-11-18 13:05:06
101536.0,--,26.72,2016-11-18 13:04:39,buy,38.0,2016-11-18 13:04:39
53440.0,0.02,26.72,2016-11-18 13:04:33,buy,20.0,2016-11-18 13:04:33
267000.0,-0.01,26.7,2016-11-18 13:04:18,sell,100.0,2016-11-18 13:04:18
4273.0,--,26.71,2016-11-18 13:04:15,buy,1.0,2016-11-18 13:04:15
25107.0,-0.01,26.71,2016-11-18 13:03:33,sell,9.0,2016-11-18 13:03:33
26720.0,0.01,26.72,2016-11-18 13:02:36,buy,10.0,2016-11-18 13:02:36
26710.0,--,26.71,2016-11-18 13:02:30,sell,10.0,2016-11-18 13:02:30
5342.0,--,26.71,2016-11-18 13:02:09,sell,2.0,2016-11-18 13:02:09
186970.0,-0.01,26.71,2016-11-18 13:02:06,sell,70.0,2016-11-18 13:02:06
13360.0,0.01,26.72,2016-11-18 13:01:45,norm,5.0,2016-11-18 13:01:45
77459.0,-0.01,26.71,2016-11-18 13:01:12,sell,29.0,2016-11-18 13:01:12
6546.0,--,26.72,2016-11-18 13:01:00,buy,2.0,2016-11-18 13:01:00
8016.0,0.01,26.72,2016-11-18 13:00:12,buy,3.0,2016-11-18 13:00:12
88143.0,--,26.71,2016-11-18 13:00:06,sell,33.0,2016-11-18 13:00:06
72517.0,-0.01,26.71,2016-11-18 13:00:03,sell,27.0,2016-11-18 13:00:03
0.0,--,26.72,2016-11-18 13:00:00,buy,0.0,2016-11-18 13:00:00
0.0,--,26.72,2016-11-18 11:30:00,buy,0.0,2016-11-18 11:30:00
9485.0,-0.01,26.72,2016-11-18 11:29:45,sell,3.0,2016-11-18 11:29:45
26302.0,--,26.73,2016-11-18 11:29:18,sell,9.0,2016-11-18 11:29:18
427.0,--,26.73,2016-11-18 11:28:51,sell,0.0,2016-11-18 11:28:51
26730.0,0.01,26.73,2016-11-18 11:28:42,norm,10.0,2016-11-18 11:28:42
106880.0,-0.01,26.72,2016-11-18 11:28:06,sell,40.0,2016-11-18 11:28:06
400.0,--,26.73,2016-11-18 11:27:51,sell,0.0,2016-11-18 11:27:51
2673.0,--,26.73,2016-11-18 11:27:09,sell,1.0,2016-11-18 11:27:09
400.0,-0.01,26.73,2016-11-18 11:26:51,sell,0.0,2016-11-18 11:26:51
6417.0,--,26.74,2016-11-18 11:26:12,sell,2.0,2016-11-18 11:26:12
401.0,-0.01,26.74,2016-11-18 11:25:51,sell,0.0,2016-11-18 11:25:51
13375.0,--,26.75,2016-11-18 11:25:39,buy,5.0,2016-11-18 11:25:39
55773.0,--,26.75,2016-11-18 11:25:21,sell,20.0,2016-11-18 11:25:21
53500.0,--,26.75,2016-11-18 11:25:15,sell,20.0,2016-11-18 11:25:15
401.0,--,26.75,2016-11-18 11:24:51,sell,0.0,2016-11-18 11:24:51
24075.0,--,26.75,2016-11-18 11:24:48,sell,9.0,2016-11-18 11:24:48
5350.0,--,26.75,2016-11-18 11:24:30,buy,2.0,2016-11-18 11:24:30
5350.0,0.01,26.75,2016-11-18 11:24:27,norm,2.0,2016-11-18 11:24:27
8021.0,--,26.74,2016-11-18 11:23:54,sell,3.0,2016-11-18 11:23:54
401.0,-0.04,26.74,2016-11-18 11:23:45,sell,0.0,2016-11-18 11:23:45
26780.0,0.04,26.78,2016-11-18 11:23:21,buy,10.0,2016-11-18 11:23:21
2674.0,--,26.74,2016-11-18 11:23:15,sell,1.0,2016-11-18 11:23:15
10696.0,--,26.74,2016-11-18 11:23:00,sell,4.0,2016-11-18 11:23:00
3075.0,--,26.74,2016-11-18 11:22:51,sell,1.0,2016-11-18 11:22:51
401.0,0.01,26.74,2016-11-18 11:21:48,norm,0.0,2016-11-18 11:21:48
26730.0,--,26.73,2016-11-18 11:21:18,sell,10.0,2016-11-18 11:21:18
2673.0,--,26.73,2016-11-18 11:20:51,sell,1.0,2016-11-18 11:20:51
400.0,-0.05,26.73,2016-11-18 11:20:45,sell,0.0,2016-11-18 11:20:45
2678.0,0.05,26.78,2016-11-18 11:20:42,norm,1.0,2016-11-18 11:20:42
5346.0,0.03,26.73,2016-11-18 11:20:36,norm,2.0,2016-11-18 11:20:36
400.0,--,26.7,2016-11-18 11:19:45,sell,0.0,2016-11-18 11:19:45
1335000.0,-0.03,26.7,2016-11-18 11:19:36,sell,500.0,2016-11-18 11:19:36
267300.0,--,26.73,2016-11-18 11:19:27,sell,100.0,2016-11-18 11:19:27
400.0,--,26.73,2016-11-18 11:18:48,sell,0.0,2016-11-18 11:18:48
400.0,--,26.73,2016-11-18 11:17:45,sell,0.0,2016-11-18 11:17:45
197802.0,-0.01,26.73,2016-11-18 11:17:24,sell,74.0,2016-11-18 11:17:24
374.0,--,26.74,2016-11-18 11:16:48,sell,0.0,2016-11-18 11:16:48
50806.0,--,26.74,2016-11-18 11:16:15,sell,19.0,2016-11-18 11:16:15
401.0,-0.06,26.74,2016-11-18 11:15:42,sell,0.0,2016-11-18 11:15:42
5360.0,--,26.8,2016-11-18 11:15:39,buy,2.0,2016-11-18 11:15:39
2680.0,--,26.8,2016-11-18 11:15:33,buy,1.0,2016-11-18 11:15:33
629800.0,0.04,26.8,2016-11-18 11:15:27,buy,235.0,2016-11-18 11:15:27
29436.0,0.01,26.76,2016-11-18 11:15:24,buy,11.0,2016-11-18 11:15:24
26750.0,0.01,26.75,2016-11-18 11:15:21,buy,10.0,2016-11-18 11:15:21
40110.0,-0.01,26.74,2016-11-18 11:15:18,sell,15.0,2016-11-18 11:15:18
37450.0,--,26.75,2016-11-18 11:15:15,buy,14.0,2016-11-18 11:15:15
40125.0,0.01,26.75,2016-11-18 11:15:06,buy,15.0,2016-11-18 11:15:06
26740.0,--,26.74,2016-11-18 11:14:57,sell,10.0,2016-11-18 11:14:57
401.0,-0.01,26.74,2016-11-18 11:14:45,sell,0.0,2016-11-18 11:14:45
53500.0,--,26.75,2016-11-18 11:14:21,buy,20.0,2016-11-18 11:14:21
37450.0,0.01,26.75,2016-11-18 11:13:57,norm,14.0,2016-11-18 11:13:57
21392.0,--,26.74,2016-11-18 11:13:48,sell,8.0,2016-11-18 11:13:48
427.0,--,26.74,2016-11-18 11:13:42,sell,0.0,2016-11-18 11:13:42
51608.0,--,26.74,2016-11-18 11:13:39,buy,19.0,2016-11-18 11:13:39
13370.0,--,26.74,2016-11-18 11:13:27,buy,5.0,2016-11-18 11:13:27
32087.0,--,26.74,2016-11-18 11:13:24,buy,12.0,2016-11-18 11:13:24
53480.0,--,26.74,2016-11-18 11:13:18,buy,20.0,2016-11-18 11:13:18
100809.0,--,26.74,2016-11-18 11:12:57,sell,37.0,2016-11-18 11:12:57
401.0,-0.02,26.74,2016-11-18 11:12:45,sell,0.0,2016-11-18 11:12:45
5352.0,0.02,26.76,2016-11-18 11:12:39,norm,2.0,2016-11-18 11:12:39
401.0,-0.03,26.74,2016-11-18 11:11:42,norm,0.0,2016-11-18 11:11:42
18739.0,0.04,26.77,2016-11-18 11:11:30,buy,7.0,2016-11-18 11:11:30
1069200.0,-0.04,26.73,2016-11-18 11:11:27,sell,400.0,2016-11-18 11:11:27
34801.0,--,26.77,2016-11-18 11:11:24,buy,13.0,2016-11-18 11:11:24
2677.0,0.01,26.77,2016-11-18 11:11:21,buy,1.0,2016-11-18 11:11:21
53520.0,--,26.76,2016-11-18 11:11:18,sell,20.0,2016-11-18 11:11:18
2676.0,--,26.76,2016-11-18 11:11:12,sell,1.0,2016-11-18 11:11:12
401.0,--,26.76,2016-11-18 11:10:42,sell,0.0,2016-11-18 11:10:42
401.0,-0.03,26.76,2016-11-18 11:09:42,sell,0.0,2016-11-18 11:09:42
2679.0,--,26.79,2016-11-18 11:09:24,buy,1.0,2016-11-18 11:09:24
2679.0,--,26.79,2016-11-18 11:09:21,buy,1.0,2016-11-18 11:09:21
10716.0,--,26.79,2016-11-18 11:09:15,buy,4.0,2016-11-18 11:09:15
32148.0,0.04,26.79,2016-11-18 11:09:09,buy,12.0,2016-11-18 11:09:09
80250.0,--,26.75,2016-11-18 11:08:57,sell,30.0,2016-11-18 11:08:57
401.0,-0.04,26.75,2016-11-18 11:08:45,sell,0.0,2016-11-18 11:08:45
29469.0,0.05,26.79,2016-11-18 11:08:33,buy,11.0,2016-11-18 11:08:33
401.0,-0.03,26.74,2016-11-18 11:07:42,sell,0.0,2016-11-18 11:07:42
8031.0,0.03,26.77,2016-11-18 11:06:51,buy,3.0,2016-11-18 11:06:51
374.0,-0.03,26.74,2016-11-18 11:06:45,sell,0.0,2016-11-18 11:06:45
32124.0,--,26.77,2016-11-18 11:06:42,buy,12.0,2016-11-18 11:06:42
29447.0,0.03,26.77,2016-11-18 11:06:39,buy,11.0,2016-11-18 11:06:39
10696.0,--,26.74,2016-11-18 11:06:24,sell,4.0,2016-11-18 11:06:24
401.0,--,26.74,2016-11-18 11:06:09,buy,0.0,2016-11-18 11:06:09
4946.0,--,26.74,2016-11-18 11:05:57,sell,1.0,2016-11-18 11:05:57
401.0,--,26.74,2016-11-18 11:05:45,sell,0.0,2016-11-18 11:05:45
34762.0,--,26.74,2016-11-18 11:05:42,norm,13.0,2016-11-18 11:05:42
10696.0,--,26.74,2016-11-18 11:05:18,sell,4.0,2016-11-18 11:05:18
26740.0,--,26.74,2016-11-18 11:05:15,sell,10.0,2016-11-18 11:05:15
21392.0,--,26.74,2016-11-18 11:05:12,buy,8.0,2016-11-18 11:05:12
40110.0,0.01,26.74,2016-11-18 11:05:09,buy,15.0,2016-11-18 11:05:09
10692.0,--,26.73,2016-11-18 11:04:57,sell,4.0,2016-11-18 11:04:57
427.0,-0.01,26.73,2016-11-18 11:04:45,sell,0.0,2016-11-18 11:04:45
237986.0,-0.02,26.74,2016-11-18 11:04:30,sell,89.0,2016-11-18 11:04:30
2676.0,--,26.76,2016-11-18 11:04:27,sell,1.0,2016-11-18 11:04:27
401.0,-0.04,26.76,2016-11-18 11:03:42,sell,0.0,2016-11-18 11:03:42
2680.0,0.04,26.8,2016-11-18 11:02:57,buy,1.0,2016-11-18 11:02:57
8429.0,-0.04,26.76,2016-11-18 11:02:42,sell,3.0,2016-11-18 11:02:42
32160.0,--,26.8,2016-11-18 11:02:39,buy,12.0,2016-11-18 11:02:39
40200.0,--,26.8,2016-11-18 11:02:27,buy,15.0,2016-11-18 11:02:27
2680.0,0.04,26.8,2016-11-18 11:02:09,buy,1.0,2016-11-18 11:02:09
401.0,-0.04,26.76,2016-11-18 11:01:42,sell,0.0,2016-11-18 11:01:42
5360.0,--,26.8,2016-11-18 11:01:27,buy,2.0,2016-11-18 11:01:27
49955.0,--,26.8,2016-11-18 11:01:24,sell,18.0,2016-11-18 11:01:24
16080.0,-0.01,26.8,2016-11-18 11:01:06,sell,6.0,2016-11-18 11:01:06
2681.0,0.01,26.81,2016-11-18 11:01:03,buy,1.0,2016-11-18 11:01:03
67000.0,--,26.8,2016-11-18 11:00:57,sell,25.0,2016-11-18 11:00:57
402.0,--,26.8,2016-11-18 11:00:42,sell,0.0,2016-11-18 11:00:42
169402.0,0.03,26.8,2016-11-18 11:00:24,buy,63.0,2016-11-18 11:00:24
803.0,--,26.77,2016-11-18 11:00:21,buy,0.0,2016-11-18 11:00:21
10708.0,--,26.77,2016-11-18 11:00:15,buy,4.0,2016-11-18 11:00:15
2677.0,--,26.77,2016-11-18 11:00:06,buy,1.0,2016-11-18 11:00:06
2677.0,--,26.77,2016-11-18 11:00:03,buy,1.0,2016-11-18 11:00:03
9904.0,--,26.77,2016-11-18 11:00:00,sell,3.0,2016-11-18 11:00:00
401.0,-0.02,26.77,2016-11-18 10:59:45,sell,0.0,2016-11-18 10:59:45
40185.0,0.02,26.79,2016-11-18 10:59:21,buy,15.0,2016-11-18 10:59:21
401.0,-0.02,26.77,2016-11-18 10:58:48,sell,0.0,2016-11-18 10:58:48
47820.0,--,26.79,2016-11-18 10:58:21,sell,17.0,2016-11-18 10:58:21
13395.0,-0.01,26.79,2016-11-18 10:58:03,sell,5.0,2016-11-18 10:58:03
2680.0,0.01,26.8,2016-11-18 10:57:57,buy,1.0,2016-11-18 10:57:57
401.0,-0.01,26.79,2016-11-18 10:57:48,sell,0.0,2016-11-18 10:57:48
26800.0,0.01,26.8,2016-11-18 10:57:45,buy,10.0,2016-11-18 10:57:45
18753.0,--,26.79,2016-11-18 10:57:42,buy,7.0,2016-11-18 10:57:42
117876.0,0.02,26.79,2016-11-18 10:57:18,buy,44.0,2016-11-18 10:57:18
69602.0,0.01,26.77,2016-11-18 10:57:03,buy,26.0,2016-11-18 10:57:03
78005.0,-0.01,26.76,2016-11-18 10:56:54,sell,29.0,2016-11-18 10:56:54
34801.0,--,26.77,2016-11-18 10:56:48,buy,13.0,2016-11-18 10:56:48
8031.0,--,26.77,2016-11-18 10:56:45,buy,3.0,2016-11-18 10:56:45
8031.0,0.01,26.77,2016-11-18 10:56:33,buy,3.0,2016-11-18 10:56:33
8028.0,-0.01,26.76,2016-11-18 10:56:30,sell,3.0,2016-11-18 10:56:30
8031.0,--,26.77,2016-11-18 10:56:18,buy,3.0,2016-11-18 10:56:18
377323.0,0.03,26.77,2016-11-18 10:56:09,buy,140.0,2016-11-18 10:56:09
401.0,-0.02,26.74,2016-11-18 10:55:57,sell,0.0,2016-11-18 10:55:57
107040.0,0.01,26.76,2016-11-18 10:55:54,buy,40.0,2016-11-18 10:55:54
2675.0,0.01,26.75,2016-11-18 10:55:21,buy,1.0,2016-11-18 10:55:21
2674.0,--,26.74,2016-11-18 10:54:54,sell,1.0,2016-11-18 10:54:54
401.0,-0.01,26.74,2016-11-18 10:54:51,sell,0.0,2016-11-18 10:54:51
13375.0,--,26.75,2016-11-18 10:54:39,buy,5.0,2016-11-18 10:54:39
8025.0,0.01,26.75,2016-11-18 10:54:27,buy,3.0,2016-11-18 10:54:27
2674.0,--,26.74,2016-11-18 10:54:18,sell,1.0,2016-11-18 10:54:18
2674.0,--,26.74,2016-11-18 10:54:15,sell,1.0,2016-11-18 10:54:15
8021.0,--,26.74,2016-11-18 10:54:12,sell,3.0,2016-11-18 10:54:12
27141.0,-0.01,26.74,2016-11-18 10:54:00,sell,10.0,2016-11-18 10:54:00
13375.0,--,26.75,2016-11-18 10:53:57,buy,5.0,2016-11-18 10:53:57
10700.0,--,26.75,2016-11-18 10:53:36,buy,4.0,2016-11-18 10:53:36
26750.0,--,26.75,2016-11-18 10:53:15,buy,10.0,2016-11-18 10:53:15
2675.0,0.02,26.75,2016-11-18 10:53:03,buy,1.0,2016-11-18 10:53:03
400.0,--,26.73,2016-11-18 10:52:57,norm,0.0,2016-11-18 10:52:57
2673.0,0.01,26.73,2016-11-18 10:52:21,norm,1.0,2016-11-18 10:52:21
400.0,--,26.72,2016-11-18 10:51:51,sell,0.0,2016-11-18 10:51:51
74816.0,--,26.72,2016-11-18 10:51:24,buy,28.0,2016-11-18 10:51:24
26720.0,0.01,26.72,2016-11-18 10:51:21,buy,10.0,2016-11-18 10:51:21
8013.0,-0.01,26.71,2016-11-18 10:51:06,sell,3.0,2016-11-18 10:51:06
5344.0,0.01,26.72,2016-11-18 10:51:03,buy,2.0,2016-11-18 10:51:03
400.0,-0.01,26.71,2016-11-18 10:50:54,sell,0.0,2016-11-18 10:50:54
26720.0,0.01,26.72,2016-11-18 10:50:39,norm,10.0,2016-11-18 10:50:39
400.0,--,26.71,2016-11-18 10:49:54,sell,0.0,2016-11-18 10:49:54
2671.0,-0.06,26.71,2016-11-18 10:49:39,sell,1.0,2016-11-18 10:49:39
8031.0,0.06,26.77,2016-11-18 10:49:36,buy,3.0,2016-11-18 10:49:36
2671.0,-0.05,26.71,2016-11-18 10:49:27,sell,1.0,2016-11-18 10:49:27
5352.0,0.03,26.76,2016-11-18 10:49:21,buy,2.0,2016-11-18 10:49:21
2673.0,0.02,26.73,2016-11-18 10:49:15,buy,1.0,2016-11-18 10:49:15
400.0,-0.05,26.71,2016-11-18 10:48:54,norm,0.0,2016-11-18 10:48:54
2676.0,0.06,26.76,2016-11-18 10:48:15,buy,1.0,2016-11-18 10:48:15
53400.0,-0.01,26.7,2016-11-18 10:48:12,sell,20.0,2016-11-18 10:48:12
50749.0,-0.02,26.71,2016-11-18 10:48:09,sell,19.0,2016-11-18 10:48:09
400.0,-0.05,26.73,2016-11-18 10:47:57,sell,0.0,2016-11-18 10:47:57
2678.0,0.03,26.78,2016-11-18 10:47:51,buy,1.0,2016-11-18 10:47:51
109648.0,--,26.75,2016-11-18 10:47:27,buy,40.0,2016-11-18 10:47:27
1494602.0,-0.02,26.75,2016-11-18 10:47:21,sell,558.0,2016-11-18 10:47:21
401.0,-0.01,26.77,2016-11-18 10:46:54,sell,0.0,2016-11-18 10:46:54
5356.0,--,26.78,2016-11-18 10:46:48,buy,2.0,2016-11-18 10:46:48
5356.0,0.01,26.78,2016-11-18 10:46:36,buy,2.0,2016-11-18 10:46:36
13385.0,--,26.77,2016-11-18 10:46:15,sell,5.0,2016-11-18 10:46:15
45509.0,--,26.77,2016-11-18 10:46:12,sell,17.0,2016-11-18 10:46:12
99049.0,--,26.77,2016-11-18 10:46:00,sell,37.0,2016-11-18 10:46:00
401.0,-0.01,26.77,2016-11-18 10:45:54,sell,0.0,2016-11-18 10:45:54
2678.0,0.01,26.78,2016-11-18 10:45:51,buy,1.0,2016-11-18 10:45:51
401.0,--,26.77,2016-11-18 10:44:54,sell,0.0,2016-11-18 10:44:54
5354.0,--,26.77,2016-11-18 10:44:27,sell,2.0,2016-11-18 10:44:27
53540.0,--,26.77,2016-11-18 10:44:12,sell,20.0,2016-11-18 10:44:12
85664.0,--,26.77,2016-11-18 10:44:09,sell,32.0,2016-11-18 10:44:09
115111.0,0.01,26.77,2016-11-18 10:43:57,buy,43.0,2016-11-18 10:43:57
55687.0,--,26.76,2016-11-18 10:43:54,buy,20.0,2016-11-18 10:43:54
24993.0,-0.01,26.76,2016-11-18 10:43:51,sell,9.0,2016-11-18 10:43:51
2677.0,0.01,26.77,2016-11-18 10:43:48,buy,1.0,2016-11-18 10:43:48
13380.0,--,26.76,2016-11-18 10:43:36,sell,5.0,2016-11-18 10:43:36
2676.0,--,26.76,2016-11-18 10:43:12,sell,1.0,2016-11-18 10:43:12
401.0,--,26.76,2016-11-18 10:42:51,sell,0.0,2016-11-18 10:42:51
13380.0,--,26.76,2016-11-18 10:42:30,sell,5.0,2016-11-18 10:42:30
4040.0,0.01,26.76,2016-11-18 10:42:24,buy,1.0,2016-11-18 10:42:24
50825.0,--,26.75,2016-11-18 10:42:15,sell,19.0,2016-11-18 10:42:15
374.0,-0.02,26.75,2016-11-18 10:41:51,sell,0.0,2016-11-18 10:41:51
2677.0,0.02,26.77,2016-11-18 10:41:48,buy,1.0,2016-11-18 10:41:48
53500.0,-0.01,26.75,2016-11-18 10:41:42,sell,20.0,2016-11-18 10:41:42
18732.0,--,26.76,2016-11-18 10:41:39,sell,7.0,2016-11-18 10:41:39
2676.0,-0.01,26.76,2016-11-18 10:41:33,sell,1.0,2016-11-18 10:41:33
13385.0,0.01,26.77,2016-11-18 10:41:30,buy,5.0,2016-11-18 10:41:30
66900.0,-0.01,26.76,2016-11-18 10:41:27,sell,25.0,2016-11-18 10:41:27
13385.0,0.01,26.77,2016-11-18 10:41:21,buy,5.0,2016-11-18 10:41:21
13380.0,--,26.76,2016-11-18 10:41:12,sell,5.0,2016-11-18 10:41:12
13380.0,--,26.76,2016-11-18 10:41:03,sell,5.0,2016-11-18 10:41:03
104364.0,--,26.76,2016-11-18 10:40:57,sell,39.0,2016-11-18 10:40:57
267600.0,--,26.76,2016-11-18 10:40:54,sell,100.0,2016-11-18 10:40:54
401.0,0.01,26.76,2016-11-18 10:40:48,norm,0.0,2016-11-18 10:40:48
61525.0,-0.01,26.75,2016-11-18 10:40:24,sell,23.0,2016-11-18 10:40:24
133800.0,--,26.76,2016-11-18 10:40:21,sell,50.0,2016-11-18 10:40:21
88308.0,--,26.76,2016-11-18 10:39:54,sell,33.0,2016-11-18 10:39:54
51245.0,-0.03,26.76,2016-11-18 10:39:51,sell,19.0,2016-11-18 10:39:51
2679.0,0.03,26.79,2016-11-18 10:39:45,buy,1.0,2016-11-18 10:39:45
32112.0,0.01,26.76,2016-11-18 10:39:42,buy,12.0,2016-11-18 10:39:42
8025.0,--,26.75,2016-11-18 10:39:36,sell,3.0,2016-11-18 10:39:36
101650.0,--,26.75,2016-11-18 10:39:15,sell,38.0,2016-11-18 10:39:15
401.0,--,26.75,2016-11-18 10:38:48,sell,0.0,2016-11-18 10:38:48
265948.0,--,26.75,2016-11-18 10:38:45,sell,99.0,2016-11-18 10:38:45
13375.0,--,26.75,2016-11-18 10:38:33,sell,5.0,2016-11-18 10:38:33
48150.0,--,26.75,2016-11-18 10:38:21,sell,18.0,2016-11-18 10:38:21
66875.0,--,26.75,2016-11-18 10:38:18,sell,25.0,2016-11-18 10:38:18
280875.0,0.05,26.75,2016-11-18 10:38:12,buy,105.0,2016-11-18 10:38:12
64080.0,-0.05,26.7,2016-11-18 10:38:09,sell,24.0,2016-11-18 10:38:09
125725.0,0.05,26.75,2016-11-18 10:38:06,buy,47.0,2016-11-18 10:38:06
55402.0,--,26.7,2016-11-18 10:37:48,buy,20.0,2016-11-18 10:37:48
2670.0,--,26.7,2016-11-18 10:37:45,buy,1.0,2016-11-18 10:37:45
26700.0,--,26.7,2016-11-18 10:37:42,buy,10.0,2016-11-18 10:37:42
316154.0,-0.01,26.7,2016-11-18 10:37:36,sell,118.0,2016-11-18 10:37:36
26710.0,--,26.71,2016-11-18 10:37:30,sell,10.0,2016-11-18 10:37:30
2671.0,--,26.71,2016-11-18 10:37:27,sell,1.0,2016-11-18 10:37:27
77459.0,-0.03,26.71,2016-11-18 10:37:24,sell,29.0,2016-11-18 10:37:24
45538.0,--,26.74,2016-11-18 10:37:21,buy,17.0,2016-11-18 10:37:21
176484.0,0.03,26.74,2016-11-18 10:36:54,buy,66.0,2016-11-18 10:36:54
400.0,--,26.71,2016-11-18 10:36:48,sell,0.0,2016-11-18 10:36:48
58762.0,-0.03,26.71,2016-11-18 10:36:30,sell,22.0,2016-11-18 10:36:30
8021.0,0.02,26.74,2016-11-18 10:36:27,buy,3.0,2016-11-18 10:36:27
10688.0,--,26.72,2016-11-18 10:36:06,buy,4.0,2016-11-18 10:36:06
18704.0,0.02,26.72,2016-11-18 10:36:03,buy,7.0,2016-11-18 10:36:03
400500.0,-0.02,26.7,2016-11-18 10:35:57,sell,150.0,2016-11-18 10:35:57
133600.0,0.01,26.72,2016-11-18 10:35:54,buy,50.0,2016-11-18 10:35:54
400.0,--,26.71,2016-11-18 10:35:51,sell,0.0,2016-11-18 10:35:51
61433.0,-0.01,26.71,2016-11-18 10:35:48,sell,23.0,2016-11-18 10:35:48
24048.0,--,26.72,2016-11-18 10:35:45,buy,9.0,2016-11-18 10:35:45
40080.0,0.02,26.72,2016-11-18 10:35:33,buy,15.0,2016-11-18 10:35:33
267000.0,-0.01,26.7,2016-11-18 10:35:30,sell,100.0,2016-11-18 10:35:30
21768.0,--,26.71,2016-11-18 10:35:24,buy,8.0,2016-11-18 10:35:24
40065.0,0.01,26.71,2016-11-18 10:35:12,buy,15.0,2016-11-18 10:35:12
381810.0,--,26.7,2016-11-18 10:35:06,sell,143.0,2016-11-18 10:35:06
667500.0,-0.01,26.7,2016-11-18 10:35:03,sell,250.0,2016-11-18 10:35:03
32052.0,-0.01,26.71,2016-11-18 10:34:57,buy,12.0,2016-11-18 10:34:57
56112.0,--,26.72,2016-11-18 10:34:48,sell,21.0,2016-11-18 10:34:48
1386768.0,--,26.72,2016-11-18 10:34:45,buy,519.0,2016-11-18 10:34:45
5344.0,0.01,26.72,2016-11-18 10:34:39,buy,2.0,2016-11-18 10:34:39
165602.0,-0.02,26.71,2016-11-18 10:34:36,sell,62.0,2016-11-18 10:34:36
1344358.0,--,26.73,2016-11-18 10:34:33,buy,502.0,2016-11-18 10:34:33
29403.0,0.01,26.73,2016-11-18 10:34:21,buy,11.0,2016-11-18 10:34:21
88176.0,-0.01,26.72,2016-11-18 10:34:15,sell,33.0,2016-11-18 10:34:15
125631.0,--,26.73,2016-11-18 10:34:12,buy,47.0,2016-11-18 10:34:12
115099.0,-0.01,26.73,2016-11-18 10:34:03,sell,43.0,2016-11-18 10:34:03
26740.0,0.01,26.74,2016-11-18 10:33:57,buy,10.0,2016-11-18 10:33:57
88209.0,-0.01,26.73,2016-11-18 10:33:54,sell,33.0,2016-11-18 10:33:54
200148.0,--,26.74,2016-11-18 10:33:51,sell,74.0,2016-11-18 10:33:51
401.0,-0.05,26.74,2016-11-18 10:33:48,sell,0.0,2016-11-18 10:33:48
2679.0,0.06,26.79,2016-11-18 10:33:42,buy,1.0,2016-11-18 10:33:42
21384.0,--,26.73,2016-11-18 10:33:21,sell,8.0,2016-11-18 10:33:21
77517.0,--,26.73,2016-11-18 10:33:18,sell,29.0,2016-11-18 10:33:18
90882.0,-0.01,26.73,2016-11-18 10:33:15,sell,34.0,2016-11-18 10:33:15
93590.0,-0.06,26.74,2016-11-18 10:33:12,sell,35.0,2016-11-18 10:33:12
672680.0,0.05,26.8,2016-11-18 10:33:09,norm,251.0,2016-11-18 10:33:09
77575.0,-0.05,26.75,2016-11-18 10:33:00,sell,29.0,2016-11-18 10:33:00
75040.0,--,26.8,2016-11-18 10:32:57,sell,28.0,2016-11-18 10:32:57
33741.0,--,26.8,2016-11-18 10:32:54,buy,12.0,2016-11-18 10:32:54
26800.0,--,26.8,2016-11-18 10:32:39,buy,10.0,2016-11-18 10:32:39
18760.0,--,26.8,2016-11-18 10:32:36,buy,7.0,2016-11-18 10:32:36
48240.0,0.06,26.8,2016-11-18 10:32:33,buy,18.0,2016-11-18 10:32:33
80220.0,-0.06,26.74,2016-11-18 10:32:00,sell,30.0,2016-11-18 10:32:00
63140.0,--,26.8,2016-11-18 10:31:57,sell,23.0,2016-11-18 10:31:57
13400.0,--,26.8,2016-11-18 10:31:48,sell,5.0,2016-11-18 10:31:48
375.0,-0.01,26.8,2016-11-18 10:31:45,sell,0.0,2016-11-18 10:31:45
2681.0,0.01,26.81,2016-11-18 10:31:39,buy,1.0,2016-11-18 10:31:39
2680.0,--,26.8,2016-11-18 10:31:33,sell,1.0,2016-11-18 10:31:33
54404.0,--,26.8,2016-11-18 10:31:24,buy,20.0,2016-11-18 10:31:24
21440.0,--,26.8,2016-11-18 10:31:03,buy,8.0,2016-11-18 10:31:03
4958.0,--,26.8,2016-11-18 10:30:48,sell,1.0,2016-11-18 10:30:48
117920.0,-0.01,26.8,2016-11-18 10:30:33,sell,44.0,2016-11-18 10:30:33
53620.0,--,26.81,2016-11-18 10:30:30,buy,20.0,2016-11-18 10:30:30
2681.0,0.01,26.81,2016-11-18 10:30:24,buy,1.0,2016-11-18 10:30:24
107200.0,--,26.8,2016-11-18 10:30:12,sell,40.0,2016-11-18 10:30:12
26800.0,--,26.8,2016-11-18 10:30:06,sell,10.0,2016-11-18 10:30:06
402.0,-0.01,26.8,2016-11-18 10:29:51,sell,0.0,2016-11-18 10:29:51
5362.0,0.01,26.81,2016-11-18 10:29:39,buy,2.0,2016-11-18 10:29:39
83080.0,--,26.8,2016-11-18 10:29:27,sell,31.0,2016-11-18 10:29:27
192960.0,0.05,26.8,2016-11-18 10:29:24,buy,72.0,2016-11-18 10:29:24
82925.0,-0.03,26.75,2016-11-18 10:29:18,sell,31.0,2016-11-18 10:29:18
18746.0,--,26.78,2016-11-18 10:29:15,buy,7.0,2016-11-18 10:29:15
4927.0,--,26.78,2016-11-18 10:29:12,sell,1.0,2016-11-18 10:29:12
5356.0,--,26.78,2016-11-18 10:29:06,sell,2.0,2016-11-18 10:29:06
428.0,--,26.78,2016-11-18 10:28:48,sell,0.0,2016-11-18 10:28:48
24102.0,0.03,26.78,2016-11-18 10:28:42,buy,9.0,2016-11-18 10:28:42
26750.0,-0.03,26.75,2016-11-18 10:28:33,sell,10.0,2016-11-18 10:28:33
53560.0,0.03,26.78,2016-11-18 10:28:27,buy,20.0,2016-11-18 10:28:27
18725.0,0.01,26.75,2016-11-18 10:27:57,buy,7.0,2016-11-18 10:27:57
401.0,--,26.74,2016-11-18 10:27:51,sell,0.0,2016-11-18 10:27:51
69524.0,-0.01,26.74,2016-11-18 10:27:48,sell,26.0,2016-11-18 10:27:48
37450.0,-0.03,26.75,2016-11-18 10:27:45,sell,14.0,2016-11-18 10:27:45
2678.0,0.03,26.78,2016-11-18 10:27:39,buy,1.0,2016-11-18 10:27:39
5350.0,0.02,26.75,2016-11-18 10:27:12,norm,2.0,2016-11-18 10:27:12
133650.0,--,26.73,2016-11-18 10:26:51,sell,50.0,2016-11-18 10:26:51
400.0,--,26.73,2016-11-18 10:26:48,sell,0.0,2016-11-18 10:26:48
64152.0,-0.06,26.73,2016-11-18 10:26:24,sell,24.0,2016-11-18 10:26:24
26790.0,0.03,26.79,2016-11-18 10:26:21,buy,10.0,2016-11-18 10:26:21
24084.0,--,26.76,2016-11-18 10:26:18,sell,9.0,2016-11-18 10:26:18
401.0,-0.03,26.76,2016-11-18 10:25:45,sell,0.0,2016-11-18 10:25:45
2679.0,--,26.79,2016-11-18 10:25:39,buy,1.0,2016-11-18 10:25:39
18753.0,--,26.79,2016-11-18 10:25:36,buy,7.0,2016-11-18 10:25:36
26790.0,0.01,26.79,2016-11-18 10:25:09,buy,10.0,2016-11-18 10:25:09
13390.0,0.03,26.78,2016-11-18 10:24:48,buy,5.0,2016-11-18 10:24:48
401.0,--,26.75,2016-11-18 10:24:45,sell,0.0,2016-11-18 10:24:45
2675.0,--,26.75,2016-11-18 10:24:15,sell,1.0,2016-11-18 10:24:15
5350.0,--,26.75,2016-11-18 10:24:03,sell,2.0,2016-11-18 10:24:03
5751.0,--,26.75,2016-11-18 10:23:51,sell,2.0,2016-11-18 10:23:51
5350.0,-0.04,26.75,2016-11-18 10:23:48,sell,2.0,2016-11-18 10:23:48
26790.0,0.04,26.79,2016-11-18 10:23:45,buy,10.0,2016-11-18 10:23:45
5350.0,-0.04,26.75,2016-11-18 10:23:42,sell,2.0,2016-11-18 10:23:42
2679.0,0.04,26.79,2016-11-18 10:23:36,buy,1.0,2016-11-18 10:23:36
61525.0,-0.04,26.75,2016-11-18 10:23:30,sell,23.0,2016-11-18 10:23:30
53580.0,0.04,26.79,2016-11-18 10:23:27,buy,20.0,2016-11-18 10:23:27
5350.0,--,26.75,2016-11-18 10:23:18,sell,2.0,2016-11-18 10:23:18
401.0,--,26.75,2016-11-18 10:22:45,sell,0.0,2016-11-18 10:22:45
5350.0,-0.01,26.75,2016-11-18 10:22:27,sell,2.0,2016-11-18 10:22:27
10998.0,--,26.76,2016-11-18 10:22:18,buy,4.0,2016-11-18 10:22:18
15761.0,--,26.76,2016-11-18 10:22:09,sell,5.0,2016-11-18 10:22:09
29730.0,--,26.76,2016-11-18 10:22:06,buy,11.0,2016-11-18 10:22:06
34788.0,0.01,26.76,2016-11-18 10:22:00,buy,13.0,2016-11-18 10:22:00
401.0,--,26.75,2016-11-18 10:21:48,sell,0.0,2016-11-18 10:21:48
72225.0,--,26.75,2016-11-18 10:21:42,sell,27.0,2016-11-18 10:21:42
115025.0,--,26.75,2016-11-18 10:21:39,buy,43.0,2016-11-18 10:21:39
2675.0,--,26.75,2016-11-18 10:21:33,buy,1.0,2016-11-18 10:21:33
45475.0,--,26.75,2016-11-18 10:21:30,buy,17.0,2016-11-18 10:21:30
26750.0,0.02,26.75,2016-11-18 10:21:12,buy,10.0,2016-11-18 10:21:12
59206.0,-0.02,26.73,2016-11-18 10:20:51,sell,22.0,2016-11-18 10:20:51
5350.0,--,26.75,2016-11-18 10:20:48,buy,2.0,2016-11-18 10:20:48
2675.0,--,26.75,2016-11-18 10:20:36,buy,1.0,2016-11-18 10:20:36
53500.0,--,26.75,2016-11-18 10:20:27,buy,20.0,2016-11-18 10:20:27
2675.0,0.02,26.75,2016-11-18 10:20:06,buy,1.0,2016-11-18 10:20:06
48114.0,--,26.73,2016-11-18 10:20:03,sell,18.0,2016-11-18 10:20:03
400.0,--,26.73,2016-11-18 10:19:48,sell,0.0,2016-11-18 10:19:48
16038.0,-0.02,26.73,2016-11-18 10:19:42,sell,6.0,2016-11-18 10:19:42
2675.0,0.02,26.75,2016-11-18 10:19:33,buy,1.0,2016-11-18 10:19:33
5346.0,--,26.73,2016-11-18 10:19:24,sell,2.0,2016-11-18 10:19:24
85536.0,-0.01,26.73,2016-11-18 10:19:21,sell,32.0,2016-11-18 10:19:21
112308.0,--,26.74,2016-11-18 10:19:18,sell,42.0,2016-11-18 10:19:18
11872.0,--,26.74,2016-11-18 10:19:15,buy,4.0,2016-11-18 10:19:15
13370.0,0.01,26.74,2016-11-18 10:19:00,buy,5.0,2016-11-18 10:19:00
32076.0,--,26.73,2016-11-18 10:18:48,sell,12.0,2016-11-18 10:18:48
3073.0,--,26.73,2016-11-18 10:18:45,sell,1.0,2016-11-18 10:18:45
64152.0,-0.01,26.73,2016-11-18 10:18:36,sell,24.0,2016-11-18 10:18:36
24066.0,--,26.74,2016-11-18 10:18:33,buy,9.0,2016-11-18 10:18:33
161937.0,--,26.74,2016-11-18 10:18:30,sell,60.0,2016-11-18 10:18:30
10696.0,--,26.74,2016-11-18 10:18:15,sell,4.0,2016-11-18 10:18:15
26740.0,--,26.74,2016-11-18 10:18:09,sell,10.0,2016-11-18 10:18:09
26740.0,--,26.74,2016-11-18 10:18:06,sell,10.0,2016-11-18 10:18:06
67251.0,-0.01,26.74,2016-11-18 10:18:03,sell,25.0,2016-11-18 10:18:03
4948.0,--,26.75,2016-11-18 10:17:48,sell,1.0,2016-11-18 10:17:48
401.0,--,26.75,2016-11-18 10:17:42,sell,0.0,2016-11-18 10:17:42
53500.0,-0.01,26.75,2016-11-18 10:17:33,sell,20.0,2016-11-18 10:17:33
2676.0,0.01,26.76,2016-11-18 10:17:30,buy,1.0,2016-11-18 10:17:30
21400.0,--,26.75,2016-11-18 10:17:27,sell,8.0,2016-11-18 10:17:27
117700.0,--,26.75,2016-11-18 10:17:15,buy,44.0,2016-11-18 10:17:15
5350.0,--,26.75,2016-11-18 10:17:12,buy,2.0,2016-11-18 10:17:12
2675.0,0.01,26.75,2016-11-18 10:17:00,buy,1.0,2016-11-18 10:17:00
8021.0,--,26.74,2016-11-18 10:16:54,sell,3.0,2016-11-18 10:16:54
374.0,--,26.74,2016-11-18 10:16:45,sell,0.0,2016-11-18 10:16:45
2674.0,--,26.74,2016-11-18 10:16:27,sell,1.0,2016-11-18 10:16:27
401.0,--,26.74,2016-11-18 10:15:48,sell,0.0,2016-11-18 10:15:48
8021.0,0.01,26.74,2016-11-18 10:15:42,norm,3.0,2016-11-18 10:15:42
61479.0,-0.01,26.73,2016-11-18 10:15:36,sell,23.0,2016-11-18 10:15:36
2674.0,0.01,26.74,2016-11-18 10:15:30,norm,1.0,2016-11-18 10:15:30
427.0,--,26.73,2016-11-18 10:14:42,sell,0.0,2016-11-18 10:14:42
16038.0,--,26.73,2016-11-18 10:14:39,buy,6.0,2016-11-18 10:14:39
53460.0,-0.03,26.73,2016-11-18 10:14:15,norm,20.0,2016-11-18 10:14:15
26760.0,0.04,26.76,2016-11-18 10:13:48,buy,10.0,2016-11-18 10:13:48
3072.0,--,26.72,2016-11-18 10:13:42,sell,1.0,2016-11-18 10:13:42
5344.0,-0.04,26.72,2016-11-18 10:13:36,sell,2.0,2016-11-18 10:13:36
2676.0,0.04,26.76,2016-11-18 10:13:30,buy,1.0,2016-11-18 10:13:30
5344.0,--,26.72,2016-11-18 10:13:27,sell,2.0,2016-11-18 10:13:27
267200.0,-0.01,26.72,2016-11-18 10:13:12,sell,100.0,2016-11-18 10:13:12
5346.0,--,26.73,2016-11-18 10:12:51,sell,2.0,2016-11-18 10:12:51
400.0,--,26.73,2016-11-18 10:12:45,sell,0.0,2016-11-18 10:12:45
2673.0,--,26.73,2016-11-18 10:12:39,sell,1.0,2016-11-18 10:12:39
16839.0,--,26.73,2016-11-18 10:12:21,buy,6.0,2016-11-18 10:12:21
45441.0,--,26.73,2016-11-18 10:12:18,buy,17.0,2016-11-18 10:12:18
21384.0,--,26.73,2016-11-18 10:12:15,buy,8.0,2016-11-18 10:12:15
20983.0,-0.03,26.73,2016-11-18 10:12:12,sell,7.0,2016-11-18 10:12:12
16056.0,0.03,26.76,2016-11-18 10:12:03,buy,6.0,2016-11-18 10:12:03
400.0,-0.03,26.73,2016-11-18 10:11:45,sell,0.0,2016-11-18 10:11:45
10704.0,--,26.76,2016-11-18 10:11:33,buy,4.0,2016-11-18 10:11:33
2676.0,--,26.76,2016-11-18 10:11:27,buy,1.0,2016-11-18 10:11:27
61548.0,0.04,26.76,2016-11-18 10:11:18,buy,23.0,2016-11-18 10:11:18
400.0,--,26.72,2016-11-18 10:10:42,sell,0.0,2016-11-18 10:10:42
134000.0,-0.04,26.72,2016-11-18 10:10:27,sell,50.0,2016-11-18 10:10:27
2676.0,0.02,26.76,2016-11-18 10:10:21,buy,1.0,2016-11-18 10:10:21
50806.0,0.02,26.74,2016-11-18 10:09:54,buy,19.0,2016-11-18 10:09:54
400.0,-0.02,26.72,2016-11-18 10:09:42,sell,0.0,2016-11-18 10:09:42
13370.0,-0.01,26.74,2016-11-18 10:09:36,sell,5.0,2016-11-18 10:09:36
2675.0,--,26.75,2016-11-18 10:09:27,buy,1.0,2016-11-18 10:09:27
24075.0,-0.01,26.75,2016-11-18 10:09:18,sell,9.0,2016-11-18 10:09:18
2676.0,--,26.76,2016-11-18 10:08:45,sell,1.0,2016-11-18 10:08:45
34788.0,-0.01,26.76,2016-11-18 10:08:30,sell,13.0,2016-11-18 10:08:30
8031.0,--,26.77,2016-11-18 10:08:00,buy,3.0,2016-11-18 10:08:00
974026.0,--,26.77,2016-11-18 10:07:42,sell,363.0,2016-11-18 10:07:42
267700.0,-0.02,26.77,2016-11-18 10:07:39,sell,100.0,2016-11-18 10:07:39
26790.0,-0.01,26.79,2016-11-18 10:07:33,sell,10.0,2016-11-18 10:07:33
10720.0,--,26.8,2016-11-18 10:07:30,buy,4.0,2016-11-18 10:07:30
2680.0,0.02,26.8,2016-11-18 10:07:24,buy,1.0,2016-11-18 10:07:24
26780.0,-0.01,26.78,2016-11-18 10:07:12,sell,10.0,2016-11-18 10:07:12
2679.0,-0.01,26.79,2016-11-18 10:07:09,buy,1.0,2016-11-18 10:07:09
69680.0,0.02,26.8,2016-11-18 10:07:06,buy,26.0,2016-11-18 10:07:06
401.0,--,26.78,2016-11-18 10:06:39,sell,0.0,2016-11-18 10:06:39
69628.0,--,26.78,2016-11-18 10:06:36,sell,26.0,2016-11-18 10:06:36
401.0,-0.03,26.78,2016-11-18 10:05:45,sell,0.0,2016-11-18 10:05:45
5362.0,--,26.81,2016-11-18 10:05:39,buy,2.0,2016-11-18 10:05:39
29491.0,-0.01,26.81,2016-11-18 10:05:30,sell,11.0,2016-11-18 10:05:30
2682.0,--,26.82,2016-11-18 10:05:24,buy,1.0,2016-11-18 10:05:24
53640.0,--,26.82,2016-11-18 10:05:21,buy,20.0,2016-11-18 10:05:21
26820.0,--,26.82,2016-11-18 10:05:12,sell,10.0,2016-11-18 10:05:12
13410.0,--,26.82,2016-11-18 10:05:09,sell,5.0,2016-11-18 10:05:09
26820.0,0.01,26.82,2016-11-18 10:05:00,buy,10.0,2016-11-18 10:05:00
2681.0,--,26.81,2016-11-18 10:04:54,sell,1.0,2016-11-18 10:04:54
2681.0,--,26.81,2016-11-18 10:04:51,sell,1.0,2016-11-18 10:04:51
5362.0,0.04,26.81,2016-11-18 10:04:45,buy,2.0,2016-11-18 10:04:45
401.0,--,26.77,2016-11-18 10:04:39,sell,0.0,2016-11-18 10:04:39
115111.0,--,26.77,2016-11-18 10:04:33,buy,43.0,2016-11-18 10:04:33
1338500.0,0.02,26.77,2016-11-18 10:04:27,buy,500.0,2016-11-18 10:04:27
13375.0,0.02,26.75,2016-11-18 10:04:12,buy,5.0,2016-11-18 10:04:12
10692.0,0.02,26.73,2016-11-18 10:03:57,buy,4.0,2016-11-18 10:03:57
72036.0,--,26.71,2016-11-18 10:03:51,buy,26.0,2016-11-18 10:03:51
80130.0,0.01,26.71,2016-11-18 10:03:48,buy,30.0,2016-11-18 10:03:48
400.0,-0.01,26.7,2016-11-18 10:03:39,sell,0.0,2016-11-18 10:03:39
13355.0,--,26.71,2016-11-18 10:03:36,buy,5.0,2016-11-18 10:03:36
635778.0,-0.02,26.71,2016-11-18 10:03:30,sell,238.0,2016-11-18 10:03:30
13365.0,0.01,26.73,2016-11-18 10:03:21,buy,5.0,2016-11-18 10:03:21
8016.0,-0.01,26.72,2016-11-18 10:03:18,sell,3.0,2016-11-18 10:03:18
24057.0,--,26.73,2016-11-18 10:03:09,sell,9.0,2016-11-18 10:03:09
2673.0,0.01,26.73,2016-11-18 10:03:03,sell,1.0,2016-11-18 10:03:03
26720.0,--,26.72,2016-11-18 10:02:57,sell,10.0,2016-11-18 10:02:57
10688.0,--,26.72,2016-11-18 10:02:48,sell,4.0,2016-11-18 10:02:48
5344.0,--,26.72,2016-11-18 10:02:42,sell,2.0,2016-11-18 10:02:42
3072.0,--,26.72,2016-11-18 10:02:39,sell,1.0,2016-11-18 10:02:39
5771.0,0.01,26.72,2016-11-18 10:02:36,buy,2.0,2016-11-18 10:02:36
21368.0,--,26.71,2016-11-18 10:02:33,sell,8.0,2016-11-18 10:02:33
61433.0,-0.01,26.71,2016-11-18 10:02:09,sell,23.0,2016-11-18 10:02:09
58356.0,-0.01,26.72,2016-11-18 10:02:00,sell,21.0,2016-11-18 10:02:00
40095.0,--,26.73,2016-11-18 10:01:57,sell,15.0,2016-11-18 10:01:57
117612.0,--,26.73,2016-11-18 10:01:54,buy,44.0,2016-11-18 10:01:54
5773.0,0.02,26.73,2016-11-18 10:01:39,buy,2.0,2016-11-18 10:01:39
5342.0,-0.02,26.71,2016-11-18 10:01:27,sell,2.0,2016-11-18 10:01:27
2673.0,0.02,26.73,2016-11-18 10:01:21,buy,1.0,2016-11-18 10:01:21
84563.0,--,26.71,2016-11-18 10:01:06,buy,31.0,2016-11-18 10:01:06
114853.0,0.01,26.71,2016-11-18 10:00:48,buy,43.0,2016-11-18 10:00:48
309159.0,--,26.7,2016-11-18 10:00:42,sell,115.0,2016-11-18 10:00:42
2670.0,-0.01,26.7,2016-11-18 10:00:12,sell,1.0,2016-11-18 10:00:12
24039.0,--,26.71,2016-11-18 10:00:06,buy,9.0,2016-11-18 10:00:06
5342.0,--,26.71,2016-11-18 10:00:00,buy,2.0,2016-11-18 10:00:00
5342.0,--,26.71,2016-11-18 09:59:57,buy,2.0,2016-11-18 09:59:57
45407.0,0.01,26.71,2016-11-18 09:59:51,buy,17.0,2016-11-18 09:59:51
400.0,-0.01,26.7,2016-11-18 09:59:42,sell,0.0,2016-11-18 09:59:42
26710.0,0.01,26.71,2016-11-18 09:59:36,buy,10.0,2016-11-18 09:59:36
267000.0,-0.01,26.7,2016-11-18 09:59:33,sell,100.0,2016-11-18 09:59:33
34723.0,--,26.71,2016-11-18 09:59:30,buy,13.0,2016-11-18 09:59:30
26710.0,0.01,26.71,2016-11-18 09:59:24,buy,10.0,2016-11-18 09:59:24
48060.0,--,26.7,2016-11-18 09:59:18,sell,18.0,2016-11-18 09:59:18
58740.0,--,26.7,2016-11-18 09:59:12,sell,22.0,2016-11-18 09:59:12
53400.0,--,26.7,2016-11-18 09:58:57,sell,20.0,2016-11-18 09:58:57
2670.0,-0.01,26.7,2016-11-18 09:58:54,sell,1.0,2016-11-18 09:58:54
10684.0,--,26.71,2016-11-18 09:58:48,buy,4.0,2016-11-18 09:58:48
53420.0,0.01,26.71,2016-11-18 09:58:42,buy,20.0,2016-11-18 09:58:42
8410.0,-0.01,26.7,2016-11-18 09:58:36,sell,3.0,2016-11-18 09:58:36
13355.0,0.01,26.71,2016-11-18 09:58:27,buy,5.0,2016-11-18 09:58:27
10439.0,--,26.7,2016-11-18 09:58:24,buy,3.0,2016-11-18 09:58:24
26700.0,--,26.7,2016-11-18 09:58:21,buy,10.0,2016-11-18 09:58:21
8250.0,--,26.7,2016-11-18 09:58:18,sell,3.0,2016-11-18 09:58:18
128160.0,--,26.7,2016-11-18 09:58:15,sell,48.0,2016-11-18 09:58:15
26700.0,--,26.7,2016-11-18 09:58:12,sell,10.0,2016-11-18 09:58:12
93450.0,--,26.7,2016-11-18 09:58:06,sell,35.0,2016-11-18 09:58:06
29370.0,-0.01,26.7,2016-11-18 09:58:03,sell,11.0,2016-11-18 09:58:03
8013.0,0.01,26.71,2016-11-18 09:58:00,buy,3.0,2016-11-18 09:58:00
13350.0,-0.01,26.7,2016-11-18 09:57:57,sell,5.0,2016-11-18 09:57:57
69045.0,-0.01,26.71,2016-11-18 09:57:45,sell,25.0,2016-11-18 09:57:45
2672.0,-0.01,26.72,2016-11-18 09:57:39,norm,1.0,2016-11-18 09:57:39
5346.0,--,26.73,2016-11-18 09:57:24,buy,2.0,2016-11-18 09:57:24
2673.0,--,26.73,2016-11-18 09:57:18,buy,1.0,2016-11-18 09:57:18
2673.0,0.02,26.73,2016-11-18 09:57:09,buy,1.0,2016-11-18 09:57:09
2671.0,--,26.71,2016-11-18 09:57:03,sell,1.0,2016-11-18 09:57:03
200725.0,0.01,26.71,2016-11-18 09:57:00,buy,75.0,2016-11-18 09:57:00
53400.0,--,26.7,2016-11-18 09:56:57,sell,20.0,2016-11-18 09:56:57
53400.0,--,26.7,2016-11-18 09:56:54,sell,20.0,2016-11-18 09:56:54
58740.0,--,26.7,2016-11-18 09:56:51,sell,22.0,2016-11-18 09:56:51
56070.0,--,26.7,2016-11-18 09:56:48,sell,21.0,2016-11-18 09:56:48
400.0,--,26.7,2016-11-18 09:56:36,sell,0.0,2016-11-18 09:56:36
2670.0,--,26.7,2016-11-18 09:56:33,sell,1.0,2016-11-18 09:56:33
66750.0,--,26.7,2016-11-18 09:56:21,sell,25.0,2016-11-18 09:56:21
2670.0,-0.01,26.7,2016-11-18 09:56:15,sell,1.0,2016-11-18 09:56:15
101498.0,--,26.71,2016-11-18 09:56:06,buy,38.0,2016-11-18 09:56:06
13355.0,0.01,26.71,2016-11-18 09:56:00,buy,5.0,2016-11-18 09:56:00
2670.0,-0.01,26.7,2016-11-18 09:55:57,sell,1.0,2016-11-18 09:55:57
13355.0,0.01,26.71,2016-11-18 09:55:45,buy,5.0,2016-11-18 09:55:45
3070.0,--,26.7,2016-11-18 09:55:36,sell,1.0,2016-11-18 09:55:36
2670.0,--,26.7,2016-11-18 09:55:33,sell,1.0,2016-11-18 09:55:33
18690.0,--,26.7,2016-11-18 09:55:27,sell,7.0,2016-11-18 09:55:27
5340.0,-0.01,26.7,2016-11-18 09:55:21,sell,2.0,2016-11-18 09:55:21
2671.0,--,26.71,2016-11-18 09:55:15,buy,1.0,2016-11-18 09:55:15
39664.0,--,26.71,2016-11-18 09:55:06,sell,14.0,2016-11-18 09:55:06
56091.0,--,26.71,2016-11-18 09:54:57,sell,21.0,2016-11-18 09:54:57
400.0,0.01,26.71,2016-11-18 09:54:54,buy,0.0,2016-11-18 09:54:54
29370.0,--,26.7,2016-11-18 09:54:45,sell,11.0,2016-11-18 09:54:45
58740.0,-0.01,26.7,2016-11-18 09:54:39,sell,22.0,2016-11-18 09:54:39
2671.0,--,26.71,2016-11-18 09:54:33,buy,1.0,2016-11-18 09:54:33
16026.0,--,26.71,2016-11-18 09:54:30,buy,6.0,2016-11-18 09:54:30
2671.0,--,26.71,2016-11-18 09:54:24,sell,1.0,2016-11-18 09:54:24
104169.0,0.01,26.71,2016-11-18 09:54:21,buy,39.0,2016-11-18 09:54:21
8010.0,-0.01,26.7,2016-11-18 09:54:18,sell,3.0,2016-11-18 09:54:18
13355.0,--,26.71,2016-11-18 09:54:09,buy,5.0,2016-11-18 09:54:09
5342.0,--,26.71,2016-11-18 09:54:06,buy,2.0,2016-11-18 09:54:06
10684.0,--,26.71,2016-11-18 09:53:57,sell,4.0,2016-11-18 09:53:57
2671.0,0.01,26.71,2016-11-18 09:53:48,norm,1.0,2016-11-18 09:53:48
21760.0,--,26.7,2016-11-18 09:53:42,sell,8.0,2016-11-18 09:53:42
5340.0,--,26.7,2016-11-18 09:53:39,sell,2.0,2016-11-18 09:53:39
21360.0,--,26.7,2016-11-18 09:53:33,sell,8.0,2016-11-18 09:53:33
21360.0,--,26.7,2016-11-18 09:53:27,sell,8.0,2016-11-18 09:53:27
2670.0,--,26.7,2016-11-18 09:53:21,sell,1.0,2016-11-18 09:53:21
5340.0,-0.01,26.7,2016-11-18 09:53:18,sell,2.0,2016-11-18 09:53:18
2671.0,--,26.71,2016-11-18 09:53:15,buy,1.0,2016-11-18 09:53:15
48078.0,0.01,26.71,2016-11-18 09:53:09,buy,18.0,2016-11-18 09:53:09
5340.0,--,26.7,2016-11-18 09:53:03,sell,2.0,2016-11-18 09:53:03
58740.0,-0.01,26.7,2016-11-18 09:53:00,sell,22.0,2016-11-18 09:53:00
24786.0,--,26.71,2016-11-18 09:52:57,sell,9.0,2016-11-18 09:52:57
26710.0,--,26.71,2016-11-18 09:52:54,sell,10.0,2016-11-18 09:52:54
31304.0,--,26.71,2016-11-18 09:52:48,buy,11.0,2016-11-18 09:52:48
5342.0,0.01,26.71,2016-11-18 09:52:45,buy,2.0,2016-11-18 09:52:45
67177.0,-0.01,26.7,2016-11-18 09:52:42,sell,25.0,2016-11-18 09:52:42
13355.0,0.01,26.71,2016-11-18 09:52:18,buy,5.0,2016-11-18 09:52:18
5340.0,--,26.7,2016-11-18 09:52:15,sell,2.0,2016-11-18 09:52:15
21360.0,--,26.7,2016-11-18 09:52:12,sell,8.0,2016-11-18 09:52:12
112140.0,--,26.7,2016-11-18 09:52:06,sell,42.0,2016-11-18 09:52:06
10680.0,--,26.7,2016-11-18 09:52:03,sell,4.0,2016-11-18 09:52:03
56070.0,--,26.7,2016-11-18 09:51:57,sell,21.0,2016-11-18 09:51:57
2670.0,-0.01,26.7,2016-11-18 09:51:51,sell,1.0,2016-11-18 09:51:51
13355.0,0.01,26.71,2016-11-18 09:51:48,buy,5.0,2016-11-18 09:51:48
3070.0,--,26.7,2016-11-18 09:51:42,sell,1.0,2016-11-18 09:51:42
26700.0,-0.01,26.7,2016-11-18 09:51:39,sell,10.0,2016-11-18 09:51:39
2671.0,0.01,26.71,2016-11-18 09:51:12,buy,1.0,2016-11-18 09:51:12
216670.0,--,26.7,2016-11-18 09:51:09,buy,81.0,2016-11-18 09:51:09
5340.0,--,26.7,2016-11-18 09:51:03,buy,2.0,2016-11-18 09:51:03
82369.0,--,26.7,2016-11-18 09:50:51,sell,30.0,2016-11-18 09:50:51
40450.0,--,26.7,2016-11-18 09:50:42,sell,15.0,2016-11-18 09:50:42
21360.0,--,26.7,2016-11-18 09:50:24,buy,8.0,2016-11-18 09:50:24
5340.0,-0.01,26.7,2016-11-18 09:50:21,sell,2.0,2016-11-18 09:50:21
2671.0,--,26.71,2016-11-18 09:50:15,buy,1.0,2016-11-18 09:50:15
2671.0,0.01,26.71,2016-11-18 09:50:09,buy,1.0,2016-11-18 09:50:09
2670.0,--,26.7,2016-11-18 09:50:06,sell,1.0,2016-11-18 09:50:06
8010.0,-0.01,26.7,2016-11-18 09:50:00,sell,3.0,2016-11-18 09:50:00
21368.0,--,26.71,2016-11-18 09:49:57,buy,8.0,2016-11-18 09:49:57
2671.0,0.02,26.71,2016-11-18 09:49:48,buy,1.0,2016-11-18 09:49:48
400.0,--,26.69,2016-11-18 09:49:39,sell,0.0,2016-11-18 09:49:39
373660.0,-0.01,26.69,2016-11-18 09:49:33,sell,140.0,2016-11-18 09:49:33
8010.0,--,26.7,2016-11-18 09:49:21,buy,3.0,2016-11-18 09:49:21
2670.0,--,26.7,2016-11-18 09:49:12,buy,1.0,2016-11-18 09:49:12
18690.0,0.01,26.7,2016-11-18 09:48:48,buy,7.0,2016-11-18 09:48:48
2669.0,--,26.69,2016-11-18 09:48:45,sell,1.0,2016-11-18 09:48:45
10676.0,-0.01,26.69,2016-11-18 09:48:39,sell,4.0,2016-11-18 09:48:39
141510.0,-0.01,26.7,2016-11-18 09:48:33,sell,53.0,2016-11-18 09:48:33
21368.0,--,26.71,2016-11-18 09:48:21,buy,8.0,2016-11-18 09:48:21
26710.0,--,26.71,2016-11-18 09:48:00,buy,10.0,2016-11-18 09:48:00
13355.0,0.01,26.71,2016-11-18 09:47:57,buy,5.0,2016-11-18 09:47:57
16020.0,--,26.7,2016-11-18 09:47:48,sell,6.0,2016-11-18 09:47:48
400.0,--,26.7,2016-11-18 09:47:42,sell,0.0,2016-11-18 09:47:42
53400.0,--,26.7,2016-11-18 09:47:39,sell,20.0,2016-11-18 09:47:39
16020.0,--,26.7,2016-11-18 09:47:18,sell,6.0,2016-11-18 09:47:18
8010.0,-0.01,26.7,2016-11-18 09:47:03,sell,3.0,2016-11-18 09:47:03
26710.0,0.01,26.71,2016-11-18 09:46:57,buy,10.0,2016-11-18 09:46:57
80100.0,-0.01,26.7,2016-11-18 09:46:51,sell,30.0,2016-11-18 09:46:51
5342.0,0.01,26.71,2016-11-18 09:46:45,buy,2.0,2016-11-18 09:46:45
400.0,0.01,26.7,2016-11-18 09:46:39,norm,0.0,2016-11-18 09:46:39
56049.0,--,26.69,2016-11-18 09:46:27,sell,21.0,2016-11-18 09:46:27
2669.0,--,26.69,2016-11-18 09:46:21,sell,1.0,2016-11-18 09:46:21
3469.0,--,26.69,2016-11-18 09:46:15,sell,1.0,2016-11-18 09:46:15
21352.0,--,26.69,2016-11-18 09:46:12,sell,8.0,2016-11-18 09:46:12
21752.0,--,26.69,2016-11-18 09:46:09,buy,8.0,2016-11-18 09:46:09
55648.0,--,26.69,2016-11-18 09:46:06,sell,20.0,2016-11-18 09:46:06
5338.0,-0.01,26.69,2016-11-18 09:46:00,sell,2.0,2016-11-18 09:46:00
114810.0,0.01,26.7,2016-11-18 09:45:51,buy,43.0,2016-11-18 09:45:51
133450.0,--,26.69,2016-11-18 09:45:48,sell,50.0,2016-11-18 09:45:48
2669.0,--,26.69,2016-11-18 09:45:45,sell,1.0,2016-11-18 09:45:45
77401.0,-0.01,26.69,2016-11-18 09:45:42,sell,29.0,2016-11-18 09:45:42
27100.0,--,26.7,2016-11-18 09:45:39,buy,10.0,2016-11-18 09:45:39
10680.0,--,26.7,2016-11-18 09:45:30,buy,4.0,2016-11-18 09:45:30
138840.0,0.01,26.7,2016-11-18 09:45:15,buy,52.0,2016-11-18 09:45:15
80070.0,-0.01,26.69,2016-11-18 09:45:09,sell,30.0,2016-11-18 09:45:09
13350.0,--,26.7,2016-11-18 09:45:06,buy,5.0,2016-11-18 09:45:06
103329.0,--,26.7,2016-11-18 09:44:54,sell,38.0,2016-11-18 09:44:54
3070.0,--,26.7,2016-11-18 09:44:51,sell,1.0,2016-11-18 09:44:51
133900.0,--,26.7,2016-11-18 09:44:42,sell,50.0,2016-11-18 09:44:42
26700.0,-0.01,26.7,2016-11-18 09:44:39,sell,10.0,2016-11-18 09:44:39
49226.0,-0.01,26.71,2016-11-18 09:44:27,sell,18.0,2016-11-18 09:44:27
5344.0,0.01,26.72,2016-11-18 09:44:24,buy,2.0,2016-11-18 09:44:24
53420.0,--,26.71,2016-11-18 09:44:21,sell,20.0,2016-11-18 09:44:21
26710.0,--,26.71,2016-11-18 09:44:18,sell,10.0,2016-11-18 09:44:18
16026.0,--,26.71,2016-11-18 09:44:15,sell,6.0,2016-11-18 09:44:15
37394.0,--,26.71,2016-11-18 09:43:48,sell,14.0,2016-11-18 09:43:48
8013.0,--,26.71,2016-11-18 09:43:45,sell,3.0,2016-11-18 09:43:45
21368.0,--,26.71,2016-11-18 09:43:42,sell,8.0,2016-11-18 09:43:42
10684.0,--,26.71,2016-11-18 09:43:39,sell,4.0,2016-11-18 09:43:39
400.0,--,26.71,2016-11-18 09:43:36,sell,0.0,2016-11-18 09:43:36
8013.0,--,26.71,2016-11-18 09:43:18,sell,3.0,2016-11-18 09:43:18
32052.0,-0.01,26.71,2016-11-18 09:43:12,sell,12.0,2016-11-18 09:43:12
13360.0,--,26.72,2016-11-18 09:43:09,buy,5.0,2016-11-18 09:43:09
15631.0,--,26.72,2016-11-18 09:42:54,sell,5.0,2016-11-18 09:42:54
27120.0,0.01,26.72,2016-11-18 09:42:42,buy,10.0,2016-11-18 09:42:42
427.0,--,26.71,2016-11-18 09:42:36,sell,0.0,2016-11-18 09:42:36
21368.0,--,26.71,2016-11-18 09:42:33,sell,8.0,2016-11-18 09:42:33
15117.0,--,26.71,2016-11-18 09:42:09,sell,5.0,2016-11-18 09:42:09
5342.0,-0.01,26.71,2016-11-18 09:42:00,sell,2.0,2016-11-18 09:42:00
26319.0,--,26.72,2016-11-18 09:41:51,sell,9.0,2016-11-18 09:41:51
400.0,0.01,26.72,2016-11-18 09:41:36,norm,0.0,2016-11-18 09:41:36
96156.0,--,26.71,2016-11-18 09:40:51,sell,36.0,2016-11-18 09:40:51
69446.0,-0.05,26.71,2016-11-18 09:40:48,sell,26.0,2016-11-18 09:40:48
5352.0,--,26.76,2016-11-18 09:40:45,buy,2.0,2016-11-18 09:40:45
29436.0,0.02,26.76,2016-11-18 09:40:42,buy,11.0,2016-11-18 09:40:42
3075.0,-0.02,26.74,2016-11-18 09:40:39,sell,1.0,2016-11-18 09:40:39
18732.0,0.02,26.76,2016-11-18 09:39:51,buy,7.0,2016-11-18 09:39:51
45458.0,--,26.74,2016-11-18 09:39:48,sell,17.0,2016-11-18 09:39:48
5348.0,--,26.74,2016-11-18 09:39:45,sell,2.0,2016-11-18 09:39:45
8021.0,--,26.74,2016-11-18 09:39:42,sell,3.0,2016-11-18 09:39:42
401.0,--,26.74,2016-11-18 09:39:33,sell,0.0,2016-11-18 09:39:33
26740.0,--,26.74,2016-11-18 09:39:15,sell,10.0,2016-11-18 09:39:15
80220.0,--,26.74,2016-11-18 09:39:03,sell,30.0,2016-11-18 09:39:03
40110.0,--,26.74,2016-11-18 09:38:54,sell,15.0,2016-11-18 09:38:54
16043.0,--,26.74,2016-11-18 09:38:39,sell,6.0,2016-11-18 09:38:39
401.0,--,26.74,2016-11-18 09:38:33,sell,0.0,2016-11-18 09:38:33
8021.0,-0.03,26.74,2016-11-18 09:38:30,norm,3.0,2016-11-18 09:38:30
2677.0,--,26.77,2016-11-18 09:38:15,sell,1.0,2016-11-18 09:38:15
2677.0,0.04,26.77,2016-11-18 09:37:57,buy,1.0,2016-11-18 09:37:57
400.0,-0.01,26.73,2016-11-18 09:37:36,sell,0.0,2016-11-18 09:37:36
2674.0,--,26.74,2016-11-18 09:37:30,norm,1.0,2016-11-18 09:37:30
2674.0,0.05,26.74,2016-11-18 09:37:18,norm,1.0,2016-11-18 09:37:18
72063.0,--,26.69,2016-11-18 09:37:03,sell,27.0,2016-11-18 09:37:03
16014.0,--,26.69,2016-11-18 09:36:48,buy,6.0,2016-11-18 09:36:48
53380.0,--,26.69,2016-11-18 09:36:45,buy,20.0,2016-11-18 09:36:45
245548.0,-0.04,26.69,2016-11-18 09:36:42,sell,92.0,2016-11-18 09:36:42
5346.0,0.03,26.73,2016-11-18 09:36:21,buy,2.0,2016-11-18 09:36:21
13350.0,--,26.7,2016-11-18 09:36:09,buy,5.0,2016-11-18 09:36:09
26700.0,--,26.7,2016-11-18 09:36:06,buy,10.0,2016-11-18 09:36:06
24030.0,0.01,26.7,2016-11-18 09:36:00,buy,9.0,2016-11-18 09:36:00
8007.0,-0.01,26.69,2016-11-18 09:35:48,sell,3.0,2016-11-18 09:35:48
8010.0,0.02,26.7,2016-11-18 09:35:39,buy,3.0,2016-11-18 09:35:39
133400.0,-0.02,26.68,2016-11-18 09:35:33,sell,50.0,2016-11-18 09:35:33
53400.0,0.01,26.7,2016-11-18 09:35:30,buy,20.0,2016-11-18 09:35:30
5338.0,--,26.69,2016-11-18 09:35:24,sell,2.0,2016-11-18 09:35:24
26.0,0.01,26.69,2016-11-18 09:35:18,norm,0.0,2016-11-18 09:35:18
10672.0,--,26.68,2016-11-18 09:35:12,sell,4.0,2016-11-18 09:35:12
2668.0,-0.02,26.68,2016-11-18 09:35:09,sell,1.0,2016-11-18 09:35:09
28355.0,0.02,26.7,2016-11-18 09:35:00,buy,10.0,2016-11-18 09:35:00
50692.0,-0.01,26.68,2016-11-18 09:34:57,sell,19.0,2016-11-18 09:34:57
8007.0,-0.01,26.69,2016-11-18 09:34:54,buy,3.0,2016-11-18 09:34:54
2670.0,0.01,26.7,2016-11-18 09:34:48,buy,1.0,2016-11-18 09:34:48
80070.0,-0.01,26.69,2016-11-18 09:34:42,sell,30.0,2016-11-18 09:34:42
13350.0,--,26.7,2016-11-18 09:34:30,buy,5.0,2016-11-18 09:34:30
170880.0,-0.02,26.7,2016-11-18 09:34:27,sell,64.0,2016-11-18 09:34:27
8016.0,0.02,26.72,2016-11-18 09:34:09,norm,3.0,2016-11-18 09:34:09
10680.0,--,26.7,2016-11-18 09:33:36,buy,4.0,2016-11-18 09:33:36
264330.0,-0.01,26.7,2016-11-18 09:33:33,sell,99.0,2016-11-18 09:33:33
267100.0,-0.09,26.71,2016-11-18 09:33:24,sell,100.0,2016-11-18 09:33:24
8040.0,0.08,26.8,2016-11-18 09:33:21,buy,3.0,2016-11-18 09:33:21
80160.0,-0.01,26.72,2016-11-18 09:33:03,sell,30.0,2016-11-18 09:33:03
5346.0,--,26.73,2016-11-18 09:32:42,buy,2.0,2016-11-18 09:32:42
8019.0,--,26.73,2016-11-18 09:32:39,buy,3.0,2016-11-18 09:32:39
2673.0,--,26.73,2016-11-18 09:32:33,buy,1.0,2016-11-18 09:32:33
253935.0,-0.02,26.73,2016-11-18 09:32:30,sell,95.0,2016-11-18 09:32:30
184575.0,--,26.75,2016-11-18 09:32:27,buy,69.0,2016-11-18 09:32:27
267500.0,--,26.75,2016-11-18 09:32:21,buy,100.0,2016-11-18 09:32:21
13375.0,--,26.75,2016-11-18 09:32:15,buy,5.0,2016-11-18 09:32:15
53500.0,0.02,26.75,2016-11-18 09:32:12,buy,20.0,2016-11-18 09:32:12
2673.0,-0.02,26.73,2016-11-18 09:32:06,sell,1.0,2016-11-18 09:32:06
32100.0,--,26.75,2016-11-18 09:32:03,buy,12.0,2016-11-18 09:32:03
26750.0,--,26.75,2016-11-18 09:31:45,buy,10.0,2016-11-18 09:31:45
32100.0,0.01,26.75,2016-11-18 09:31:42,norm,12.0,2016-11-18 09:31:42
5348.0,--,26.74,2016-11-18 09:31:09,sell,2.0,2016-11-18 09:31:09
48132.0,-0.09,26.74,2016-11-18 09:31:06,sell,18.0,2016-11-18 09:31:06
8048.0,0.09,26.83,2016-11-18 09:31:03,buy,3.0,2016-11-18 09:31:03
2674.0,0.02,26.74,2016-11-18 09:30:57,norm,1.0,2016-11-18 09:30:57
26720.0,-0.12,26.72,2016-11-18 09:30:27,sell,10.0,2016-11-18 09:30:27
24156.0,0.12,26.84,2016-11-18 09:30:18,buy,9.0,2016-11-18 09:30:18
160320.0,-0.08,26.72,2016-11-18 09:30:09,sell,60.0,2016-11-18 09:30:09
24120.0,-0.04,26.8,2016-11-18 09:30:06,sell,9.0,2016-11-18 09:30:06
91256.0,--,26.84,2016-11-18 09:30:03,sell,34.0,2016-11-18 09:30:03
0.0,--,26.84,2016-11-18 09:30:00,sell,0.0,2016-11-18 09:30:00
37576.0,26.84,26.84,2016-11-18 09:25:03,buy,14.0,2016-11-18 09:25:03
436955.0,0.01,26.84,2016-11-17 15:00:03,buy,162.0,2016-11-17 15:00:03
5366.0,--,26.83,2016-11-17 14:57:00,buy,2.0,2016-11-17 14:57:00
10732.0,--,26.83,2016-11-17 14:56:57,buy,4.0,2016-11-17 14:56:57
18781.0,0.01,26.83,2016-11-17 14:56:54,buy,7.0,2016-11-17 14:56:54
26820.0,-0.01,26.82,2016-11-17 14:56:36,sell,10.0,2016-11-17 14:56:36
13415.0,0.01,26.83,2016-11-17 14:56:33,buy,5.0,2016-11-17 14:56:33
80460.0,-0.01,26.82,2016-11-17 14:56:30,sell,30.0,2016-11-17 14:56:30
53660.0,0.01,26.83,2016-11-17 14:56:18,buy,20.0,2016-11-17 14:56:18
53640.0,--,26.82,2016-11-17 14:56:12,sell,20.0,2016-11-17 14:56:12
2682.0,--,26.82,2016-11-17 14:56:09,sell,1.0,2016-11-17 14:56:09
8046.0,--,26.82,2016-11-17 14:56:00,sell,3.0,2016-11-17 14:56:00
53640.0,--,26.82,2016-11-17 14:55:57,sell,20.0,2016-11-17 14:55:57
85824.0,0.02,26.82,2016-11-17 14:55:54,buy,32.0,2016-11-17 14:55:54
88440.0,-0.01,26.8,2016-11-17 14:55:51,sell,33.0,2016-11-17 14:55:51
32172.0,--,26.81,2016-11-17 14:55:36,sell,12.0,2016-11-17 14:55:36
10724.0,0.01,26.81,2016-11-17 14:55:27,norm,4.0,2016-11-17 14:55:27
616400.0,--,26.8,2016-11-17 14:55:21,sell,230.0,2016-11-17 14:55:21
16080.0,--,26.8,2016-11-17 14:55:18,sell,6.0,2016-11-17 14:55:18
166160.0,-0.02,26.8,2016-11-17 14:55:12,sell,62.0,2016-11-17 14:55:12
53640.0,--,26.82,2016-11-17 14:55:09,buy,20.0,2016-11-17 14:55:09
13410.0,0.02,26.82,2016-11-17 14:55:00,buy,5.0,2016-11-17 14:55:00
50920.0,0.02,26.8,2016-11-17 14:54:54,norm,19.0,2016-11-17 14:54:54
5356.0,--,26.78,2016-11-17 14:54:48,sell,2.0,2016-11-17 14:54:48
506142.0,-0.05,26.78,2016-11-17 14:54:36,sell,189.0,2016-11-17 14:54:36
139516.0,0.03,26.83,2016-11-17 14:54:27,buy,52.0,2016-11-17 14:54:27
99160.0,--,26.8,2016-11-17 14:54:21,sell,37.0,2016-11-17 14:54:21
2680.0,--,26.8,2016-11-17 14:54:15,buy,1.0,2016-11-17 14:54:15
134000.0,--,26.8,2016-11-17 14:54:09,buy,50.0,2016-11-17 14:54:09
2680.0,--,26.8,2016-11-17 14:54:06,buy,1.0,2016-11-17 14:54:06
536000.0,-0.03,26.8,2016-11-17 14:54:03,sell,200.0,2016-11-17 14:54:03
13415.0,--,26.83,2016-11-17 14:53:57,buy,5.0,2016-11-17 14:53:57
16097.0,0.02,26.83,2016-11-17 14:53:45,buy,6.0,2016-11-17 14:53:45
8043.0,--,26.81,2016-11-17 14:53:39,sell,3.0,2016-11-17 14:53:39
26810.0,-0.01,26.81,2016-11-17 14:53:27,sell,10.0,2016-11-17 14:53:27
13410.0,-0.01,26.82,2016-11-17 14:53:21,sell,5.0,2016-11-17 14:53:21
139516.0,--,26.83,2016-11-17 14:53:03,sell,52.0,2016-11-17 14:53:03
13415.0,0.01,26.83,2016-11-17 14:52:39,buy,5.0,2016-11-17 14:52:39
18774.0,--,26.82,2016-11-17 14:52:33,buy,7.0,2016-11-17 14:52:33
5364.0,--,26.82,2016-11-17 14:52:30,buy,2.0,2016-11-17 14:52:30
297702.0,-0.01,26.82,2016-11-17 14:52:24,sell,111.0,2016-11-17 14:52:24
26830.0,--,26.83,2016-11-17 14:52:00,sell,10.0,2016-11-17 14:52:00
37562.0,--,26.83,2016-11-17 14:51:54,sell,14.0,2016-11-17 14:51:54
24147.0,--,26.83,2016-11-17 14:51:48,sell,9.0,2016-11-17 14:51:48
13415.0,--,26.83,2016-11-17 14:51:30,sell,5.0,2016-11-17 14:51:30
59025.0,--,26.83,2016-11-17 14:51:27,sell,22.0,2016-11-17 14:51:27
32195.0,--,26.83,2016-11-17 14:51:24,sell,12.0,2016-11-17 14:51:24
18781.0,--,26.83,2016-11-17 14:51:18,sell,7.0,2016-11-17 14:51:18
13415.0,--,26.83,2016-11-17 14:51:03,sell,5.0,2016-11-17 14:51:03
13415.0,-0.02,26.83,2016-11-17 14:50:39,sell,5.0,2016-11-17 14:50:39
324885.0,-0.01,26.85,2016-11-17 14:50:27,sell,121.0,2016-11-17 14:50:27
8058.0,--,26.86,2016-11-17 14:50:24,buy,3.0,2016-11-17 14:50:24
18802.0,--,26.86,2016-11-17 14:50:12,buy,7.0,2016-11-17 14:50:12
13430.0,-0.01,26.86,2016-11-17 14:49:54,sell,5.0,2016-11-17 14:49:54
56427.0,0.01,26.87,2016-11-17 14:49:48,buy,21.0,2016-11-17 14:49:48
2686.0,0.01,26.86,2016-11-17 14:49:24,buy,1.0,2016-11-17 14:49:24
53700.0,-0.01,26.85,2016-11-17 14:48:42,sell,20.0,2016-11-17 14:48:42
71662.0,--,26.86,2016-11-17 14:48:30,sell,26.0,2016-11-17 14:48:30
64464.0,--,26.86,2016-11-17 14:48:24,sell,24.0,2016-11-17 14:48:24
115498.0,--,26.86,2016-11-17 14:48:18,sell,43.0,2016-11-17 14:48:18
26860.0,--,26.86,2016-11-17 14:48:09,sell,10.0,2016-11-17 14:48:09
26860.0,--,26.86,2016-11-17 14:47:51,sell,10.0,2016-11-17 14:47:51
859.0,--,26.86,2016-11-17 14:47:18,sell,0.0,2016-11-17 14:47:18
5372.0,-0.02,26.86,2016-11-17 14:47:06,sell,2.0,2016-11-17 14:47:06
80640.0,--,26.88,2016-11-17 14:46:54,buy,30.0,2016-11-17 14:46:54
13440.0,0.02,26.88,2016-11-17 14:46:36,buy,5.0,2016-11-17 14:46:36
34918.0,--,26.86,2016-11-17 14:46:09,buy,13.0,2016-11-17 14:46:09
13430.0,--,26.86,2016-11-17 14:46:06,buy,5.0,2016-11-17 14:46:06
85952.0,--,26.86,2016-11-17 14:46:00,sell,32.0,2016-11-17 14:46:00
2686.0,--,26.86,2016-11-17 14:45:57,sell,1.0,2016-11-17 14:45:57
2686.0,-0.02,26.86,2016-11-17 14:45:54,sell,1.0,2016-11-17 14:45:54
5376.0,0.01,26.88,2016-11-17 14:45:45,buy,2.0,2016-11-17 14:45:45
2687.0,--,26.87,2016-11-17 14:45:36,sell,1.0,2016-11-17 14:45:36
13435.0,0.01,26.87,2016-11-17 14:45:33,norm,5.0,2016-11-17 14:45:33
16116.0,--,26.86,2016-11-17 14:45:12,sell,6.0,2016-11-17 14:45:12
83266.0,-0.02,26.86,2016-11-17 14:45:06,sell,31.0,2016-11-17 14:45:06
13440.0,--,26.88,2016-11-17 14:44:57,sell,5.0,2016-11-17 14:44:57
2688.0,--,26.88,2016-11-17 14:44:48,sell,1.0,2016-11-17 14:44:48
5376.0,--,26.88,2016-11-17 14:44:39,sell,2.0,2016-11-17 14:44:39
110208.0,-0.01,26.88,2016-11-17 14:44:36,sell,41.0,2016-11-17 14:44:36
59158.0,0.01,26.89,2016-11-17 14:44:30,buy,22.0,2016-11-17 14:44:30
8064.0,--,26.88,2016-11-17 14:44:18,sell,3.0,2016-11-17 14:44:18
2688.0,-0.01,26.88,2016-11-17 14:44:15,sell,1.0,2016-11-17 14:44:15
5378.0,0.01,26.89,2016-11-17 14:44:12,buy,2.0,2016-11-17 14:44:12
53760.0,--,26.88,2016-11-17 14:44:06,sell,20.0,2016-11-17 14:44:06
2688.0,--,26.88,2016-11-17 14:44:03,sell,1.0,2016-11-17 14:44:03
16128.0,--,26.88,2016-11-17 14:44:00,sell,6.0,2016-11-17 14:44:00
322560.0,--,26.88,2016-11-17 14:43:57,sell,120.0,2016-11-17 14:43:57
83328.0,--,26.88,2016-11-17 14:43:51,sell,31.0,2016-11-17 14:43:51
2688.0,-0.01,26.88,2016-11-17 14:43:42,sell,1.0,2016-11-17 14:43:42
5378.0,0.01,26.89,2016-11-17 14:43:39,buy,2.0,2016-11-17 14:43:39
53760.0,--,26.88,2016-11-17 14:43:36,sell,20.0,2016-11-17 14:43:36
86016.0,--,26.88,2016-11-17 14:43:33,sell,32.0,2016-11-17 14:43:33
134400.0,0.02,26.88,2016-11-17 14:43:12,buy,50.0,2016-11-17 14:43:12
249798.0,--,26.86,2016-11-17 14:42:54,sell,93.0,2016-11-17 14:42:54
10744.0,-0.01,26.86,2016-11-17 14:42:33,sell,4.0,2016-11-17 14:42:33
26870.0,--,26.87,2016-11-17 14:42:30,sell,10.0,2016-11-17 14:42:30
2687.0,--,26.87,2016-11-17 14:42:06,sell,1.0,2016-11-17 14:42:06
2687.0,-0.01,26.87,2016-11-17 14:41:51,sell,1.0,2016-11-17 14:41:51
4005.0,-0.01,26.88,2016-11-17 14:41:42,sell,1.0,2016-11-17 14:41:42
10756.0,0.01,26.89,2016-11-17 14:41:36,buy,4.0,2016-11-17 14:41:36
2688.0,--,26.88,2016-11-17 14:41:33,sell,1.0,2016-11-17 14:41:33
29568.0,--,26.88,2016-11-17 14:41:18,sell,11.0,2016-11-17 14:41:18
2688.0,-0.01,26.88,2016-11-17 14:41:15,sell,1.0,2016-11-17 14:41:15
8067.0,0.01,26.89,2016-11-17 14:41:12,buy,3.0,2016-11-17 14:41:12
2688.0,--,26.88,2016-11-17 14:40:48,sell,1.0,2016-11-17 14:40:48
243290.0,0.02,26.88,2016-11-17 14:40:30,buy,90.0,2016-11-17 14:40:30
102068.0,--,26.86,2016-11-17 14:40:12,sell,38.0,2016-11-17 14:40:12
2686.0,--,26.86,2016-11-17 14:39:54,sell,1.0,2016-11-17 14:39:54
26860.0,--,26.86,2016-11-17 14:39:51,sell,10.0,2016-11-17 14:39:51
64464.0,0.01,26.86,2016-11-17 14:39:42,buy,24.0,2016-11-17 14:39:42
80550.0,-0.01,26.85,2016-11-17 14:39:39,sell,30.0,2016-11-17 14:39:39
51034.0,0.01,26.86,2016-11-17 14:39:27,buy,19.0,2016-11-17 14:39:27
18795.0,-0.01,26.85,2016-11-17 14:39:24,sell,7.0,2016-11-17 14:39:24
8058.0,--,26.86,2016-11-17 14:39:21,buy,3.0,2016-11-17 14:39:21
40290.0,0.01,26.86,2016-11-17 14:39:18,buy,15.0,2016-11-17 14:39:18
10740.0,-0.01,26.85,2016-11-17 14:39:15,sell,4.0,2016-11-17 14:39:15
32232.0,0.01,26.86,2016-11-17 14:39:12,buy,12.0,2016-11-17 14:39:12
13425.0,--,26.85,2016-11-17 14:39:09,sell,5.0,2016-11-17 14:39:09
2685.0,--,26.85,2016-11-17 14:38:45,sell,1.0,2016-11-17 14:38:45
134250.0,--,26.85,2016-11-17 14:38:33,sell,50.0,2016-11-17 14:38:33
5370.0,--,26.85,2016-11-17 14:38:18,sell,2.0,2016-11-17 14:38:18
2685.0,-0.01,26.85,2016-11-17 14:38:15,sell,1.0,2016-11-17 14:38:15
10744.0,--,26.86,2016-11-17 14:38:12,norm,4.0,2016-11-17 14:38:12
2686.0,-0.01,26.86,2016-11-17 14:38:00,sell,1.0,2016-11-17 14:38:00
26870.0,--,26.87,2016-11-17 14:37:48,buy,10.0,2016-11-17 14:37:48
8061.0,0.02,26.87,2016-11-17 14:37:33,buy,3.0,2016-11-17 14:37:33
40275.0,-0.01,26.85,2016-11-17 14:37:12,sell,15.0,2016-11-17 14:37:12
2686.0,--,26.86,2016-11-17 14:37:03,sell,1.0,2016-11-17 14:37:03
8058.0,--,26.86,2016-11-17 14:36:54,buy,3.0,2016-11-17 14:36:54
5372.0,--,26.86,2016-11-17 14:36:45,sell,2.0,2016-11-17 14:36:45
16116.0,-0.01,26.86,2016-11-17 14:36:30,sell,6.0,2016-11-17 14:36:30
24183.0,--,26.87,2016-11-17 14:36:27,buy,9.0,2016-11-17 14:36:27
5374.0,--,26.87,2016-11-17 14:36:21,buy,2.0,2016-11-17 14:36:21
26870.0,--,26.87,2016-11-17 14:36:12,buy,10.0,2016-11-17 14:36:12
2687.0,0.01,26.87,2016-11-17 14:36:09,buy,1.0,2016-11-17 14:36:09
2686.0,--,26.86,2016-11-17 14:36:03,sell,1.0,2016-11-17 14:36:03
2686.0,--,26.86,2016-11-17 14:35:21,sell,1.0,2016-11-17 14:35:21
5372.0,--,26.86,2016-11-17 14:35:18,sell,2.0,2016-11-17 14:35:18
2686.0,--,26.86,2016-11-17 14:35:15,sell,1.0,2016-11-17 14:35:15
10744.0,0.02,26.86,2016-11-17 14:35:03,buy,4.0,2016-11-17 14:35:03
5368.0,-0.02,26.84,2016-11-17 14:34:57,sell,2.0,2016-11-17 14:34:57
10744.0,0.01,26.86,2016-11-17 14:34:54,buy,4.0,2016-11-17 14:34:54
2685.0,--,26.85,2016-11-17 14:34:48,sell,1.0,2016-11-17 14:34:48
5370.0,--,26.85,2016-11-17 14:34:42,sell,2.0,2016-11-17 14:34:42
16110.0,--,26.85,2016-11-17 14:34:30,sell,6.0,2016-11-17 14:34:30
5370.0,-0.01,26.85,2016-11-17 14:34:27,sell,2.0,2016-11-17 14:34:27
8058.0,-0.01,26.86,2016-11-17 14:34:21,norm,3.0,2016-11-17 14:34:21
2687.0,0.02,26.87,2016-11-17 14:33:48,buy,1.0,2016-11-17 14:33:48
526260.0,-0.01,26.85,2016-11-17 14:33:45,sell,196.0,2016-11-17 14:33:45
5372.0,-0.01,26.86,2016-11-17 14:33:30,sell,2.0,2016-11-17 14:33:30
26870.0,-0.01,26.87,2016-11-17 14:33:21,sell,10.0,2016-11-17 14:33:21
